3892 6090
115 277 175 343 'lbl
559 277 720 344 hermis
741 276 977 343 esereheie
998 275 1282 355 sarcasmum
1301 276 1387 343 erc.
1760 284 1821 369 'lbi

117 415 147 472 in
162 414 265 472 eadem
279 413 390 473 Notitia
401 430 438 471 ex
458 412 631 484 licavimus;
648 413 705 471 alia
720 415 854 487 quadam
871 415 952 470 addit
966 417 1072 486 praeter
1083 413 1178 486 ipsius
1193 412 1306 469 Notitiae
1321 414 1421 481 iidem,
1436 430 1500 486 quae
1518 411 1713 488 imposturam
1727 417 1768 475 lm
1793 428 1822 464 '-

118 491 207 544 sturae
223 484 353 543 additam
369 431 559 557 pateisciunt,
577 491 608 542 te
622 486 742 542 eoenim
758 486 885 543 traditur
900 484 1041 541 liodoaldi
1057 484 1537 559 sententiahabitajubentelocnne
1559 489 1709 561 catificeac
1719 506 1754 563 pr
1792 504 1824 547 u·

118 564 165 617 cta
199 557 289 615 luisse
322 574 340 614 a
371 558 520 615 cononicis
552 558 769 615 dinumerabilia
799 560 858 630 fere
887 557 1082 641 privilegien...
1109 558 1317 639 cporeificibes
1336 565 1361 614 et
1380 504 1590 630 imperatoriias
1609 560 1734 617 obeam:
1755 576 1823 618 cum

118 630 147 688 in
174 629 282 686 Notitia
305 629 477 685 mandatum
502 629 698 702 imperatoris,
719 645 777 686 non
793 633 892 685 autem
920 628 1067 702 pontilicis
1086 632 1266 695 enuntietur,
1282 632 1311 685 ct
1324 629 1446 685 unicum
1460 630 1611 704 imperiale
1626 631 1822 705 privilegium,

119 700 234 759 nullum
243 699 577 774 pontificiumlaudetur.
587 701 961 773 Potiorautemimpostura
976 700 1005 755 in
1020 716 1054 755 eo
1068 698 1124 756 sita
1138 704 1192 765 est,
1205 700 1282 772 qued
1298 716 1356 755 nen
1372 704 1433 757 tam
1448 701 1590 758 bonorum
1602 702 1822 777 capitularium,

119 775 155 830 de
171 772 280 855 quihus
294 775 409 828 tantum
424 772 454 827 in
470 772 579 829 Notitia
593 771 700 847 agitur,
713 773 764 828 sed
780 788 973 846 personarum
990 770 1079 828 etiam
1094 773 1238 844 exemptio
1252 771 1460 829 etimmnnitas
1470 778 1665 842 asseratur,ac
1676 774 1701 831 si
1711 780 1825 832 centro·

117 861 214 901 vorsla
227 843 304 898 inter
318 844 487 916 episcopum
504 849 532 899 ot
546 845 702 900 canonicos
718 861 775 900 nen
791 844 892 900 minus
908 844 943 900 de
959 843 1115 911 benorum,
1132 843 1824 917 quamdepersonurumimmunitateexaitataec

120 915 243 973 definita
258 914 354 970 luerit.
372 914 574 971 decollatione
591 916 717 981 Notitia,
728 914 928 989 etcempendii
942 915 1075 985 ejusdem
1091 914 1270 987 agnoscitur,
1282 916 1371 971 verba
1385 930 1427 971 res
1441 919 1667 987 etpcsseasloues,
1680 923 1825 990 quaeunt

119 987 149 1042 in
162 986 281 1051 Notitia,
298 987 333 1042 ab
348 990 534 1043 auctorccom
556 987 635 1043 endii
648 987 906 1044 imutataiuissein
916 988 1154 1058 bonuetpcrsouns
1165 1001 1248 1058 ,·qum
1259 985 1414 1042 manifeste
1428 986 1509 1043 ireus
1519 989 1652 1056 ejusdem
1659 989 1822 1061 compendii

118 1058 314 1130 imposturam
330 1063 476 1140 aggravat.
491 1004 566 1114 viic
580 1057 639 1114 alin
654 1057 867 1132 pluraquam
883 1057 971 1114 hocce
979 1057 1186 1185 compendium
1202 1056 1465 1139 animadvertimus
1480 1058 1824 1133 inlibreliepriuitegiiset

120 1130 290 1257 eegmpticne
303 1129 417 1201 capitali
427 1128 775 1201 cathedralial'cromnsis,
791 1146 858 1204 pag.
873 1129 993 1186 77.Hec
1008 1145 1045 1185 au
1061 1143 1106 1186 em
1123 1144 1216 1203 pauca
1231 1129 1340 1186 indicia
1354 1128 1409 1186 hoc
1423 1128 1488 1187 loco
1502 1130 1825 1206 sotissupuerqueesse

119 1201 265 1257 vientur.

854 1523 1087 1613 NOTITIA

239 1673 400 1736 Sententia
413 1675 582 1757 suppositio
594 1674 745 1737 liodoaldi
751 1673 1149 1816 pair²iiiiss,‘i,i,¹ii{{⁶m‘⁸
1174 1683 1279 1737 contra
1295 1672 1471 1737 liutharium
1480 1694 1541 1758 pro
1557 1677 1706 1740 comuste

544 1888 596 1957 (lla
609 1890 724 1944 vestuto
738 1886 871 1962 exemplo
886 1884 995 1944 archivi
1011 1885 1183 1958 capitularis
1199 1886 1394 1943 Veronensis.

156 2173 239 2228 Anno
254 2170 411 2227 Dominice
421 2170 632 2228 incarnationis
645 2172 709 2240 968,
721 2174 820 2231 domni
832 2190 948 2248 quoque
962 2177 990 2246 Α
1003 2172 1086 2229 irrita
1100 2176 1128 2229 et
1143 2172 1240 2229 inanis
1254 2177 1283 2229 et
1295 2189 1387 2230 vacue
1400 2176 1487 2240 esset,
1499 2176 1636 2302 precepit
1648 2179 1756 2237 domno
1770 2180 1825 2239 lio-

121 2242 358 2302 hoannissanela
365 2242 948 2320 RomaneEcclesia,etunivorsatispapas
1003 2243 1109 2302 doaldo
1124 2249 1231 2300 sanctae
1244 2243 1439 2317 Aquileiensis
1448 2246 1502 2302 lice
1515 2248 1582 2304 esico
1592 2250 1826 2309 reverentissimo

121 2314 299 2443 &reseratus
325 2315 389 2386 ejus
410 2316 540 2371 secunda
562 2332 651 2384 enno,
673 2322 701 2373 et
716 2317 832 2391 imperii
847 2318 949 2375 domni
1002 2314 1187 2441 patriarche,
1212 2320 1245 2371 ut
1257 2316 1394 2372 Ravenna
1408 2316 1535 2385 rediens,
1550 2318 1653 2375 tandiu
1663 2327 1828 2381 moreretur

149 2386 249 2444 thenis
257 2385 389 2514 Xiissimi
418 2387 603 2459 imperatoris
622 2389 746 2460 Augusti
762 2406 850 2459 nono,
867 2408 897 2446 re
919 2391 948 2446 ni
1027 2403 1133 2455 arone,
1148 2386 1240 2443 donec
1255 2385 1412 2459 diligenter
1421 2386 1598 2468 investigare
1613 2394 1721 2462 posset,
1736 2409 1826 2466 quam

122 2474 183 2524 auc
206 2474 242 2514 ue
278 2456 357 2513 omni
373 2456 497 2515 Othonis
522 2457 574 2514 filii
591 2460 655 2531 ejus
669 2460 767 2527 tertio,
784 2459 877 2532 pridie
892 2408 949 2517 iiu-
1003 2457 1209 2513 rectitudinem
1218 2458 1385 2528 frequenter
1399 2457 1521 2515 dictusa
1543 2460 1827 2536 iscopus,autquam

122 2530 180 2587 hus
219 2528 266 2597 aii,
283 2528 501 2601 lunarigesima
509 2530 604 2595 tertia,
616 2530 775 2587 indictione
784 2533 948 2588 undecima,
1003 2529 1104 2585 crebro
1120 2527 1261 2610 namiuati
1277 2528 1409 2585 canonici
1429 2528 1459 2585 iu
1472 2477 1575 2588 esaim
1595 2529 1736 2591 haberent
1750 2550 1781 2591 re
1796 2539 1826 2594 et

160 2599 328 2657 Istiusmodi
360 2602 453 2673 aginae
469 2601 626 2674 descriptio
637 2602 772 2674 exposita
783 2603 951 2661 luissavere
1004 2616 1199 2674 possessione.

122 2672 269 2740 credatur,
287 2618 420 2754 nuliique
431 2673 651 2754 ambigendum,
686 2674 715 2729 ui
727 2674 758 2745 [l.
771 2674 949 2746 qulnldom-
1026 2671 1506 2754 ,Cumautomaenissetdomnus
1539 2673 1684 2734 atriarcba
1709 2680 1827 2739 strese-

122 2760 197 2800 num
214 2743 384 2800 lietbertum
396 2744 659 2814 prudentissimum
695 2746 950 2818 oronaeurbisopi-
1002 2743 1097 2800 disset
1112 2742 1148 2798 ad
1165 2749 1379 2824 monesterium
1394 2749 1502 2801 sancte
1517 2690 1660 2804 itavisse
1675 2720 1825 2824 iirganum

122 2831 175 2872 sco
196 2814 796 2889 umcausationisquerelamproposuisset
808 2817 949 2875 adeamus
1002 2814 1183 2882 vocitatum
1199 2813 1288 2883 illico,
1306 2815 1411 2872 nisibi
1426 2816 1828 2893 lueratimperatum,convc-

125 2832 255 2944 ecciesiae
279 2903 339 2944 sue
364 2886 529 2956 canonicos,
554 2888 665 2954 dicens,
702 2888 883 2945 uoditasibi
901 2905 948 2945 ea·
1003 2885 1227 2942 cotiaeumdem
1248 2886 1418 2968 episcopum
1438 2888 1563 2962 ejusque
1581 2892 1738 2961 canonicos
1762 2893 1823 2951 ait:

124 2957 231 3014 nonies
245 2957 417 3015 auctoritate
428 2962 614 3030 competeret,
649 2905 803 3015 recitarem
818 2960 949 3018 redditus
1002 2957 1060 3013 Vos
1077 2956 1220 3026 canonici,
1243 2975 1268 3013 sr
1294 2957 1409 3032 aliquas
1437 2956 1552 3018 habetis
1575 2961 1651 3020 m
1673 2963 1825 3024 firmitatis

123 3046 144 3087 a
158 3029 294 3086 ildelibus
305 2976 948 3112 etDeumtimentibusielegatoshominibus
1003 3027 1162 3097 chartulas,
1179 3033 1230 3085 aut
1245 3027 1321 3112 ullas
1335 3033 1504 3089 testamenti
1514 3031 1648 3106 paginas,
1663 3039 1825 3111 astragum

124 3100 293 3174 disponere,
327 3100 576 3172 quemadmodum
609 3119 656 3157 sur
685 3103 871 3175 episcopatus
901 3119 948 3160 res
1024 3101 1314 3173 raeceptadevestrrs
1338 3100 1470 3159 rebuset
1487 3104 1734 3177 possessionibus,
1749 3125 1825 3182 quas

125 3171 293 3244 disponere,
310 3176 338 3228 et
353 3171 489 3229 ordinare
503 3172 664 3230 videbatur.
681 3174 733 3231 Cui
746 3179 864 3233 econtra
879 3191 948 3246 prae·
1002 3117 1100 3229 iicitis
1115 3171 1232 3239 hebere,
1250 3173 1393 3230 ostendite
1408 3174 1610 3245 corsmnobis,
1627 3182 1655 3233 et
1666 3195 1764 3237 cerem
1778 3197 1824 3238 ve·

125 3242 269 3299 nominati
292 3242 433 3312 canonici,
458 3244 615 3299 concordes
640 3249 669 3300 et
691 3245 845 3302 unanimes
869 3246 947 3316 lacti,
1003 3248 1064 3298 stro
1078 3243 1213 3314 episcopo
1229 3242 1413 3314 aliisquchic
1437 3245 1644 3316 residentibus,
1661 3249 1771 3321 quibus
1782 3250 1824 3308 rei

127 3316 338 3386 respondentes
362 3315 516 3370 dixerunt:
536 3315 613 3380 iam,
634 3315 709 3372 bone
733 3321 762 3372 et
776 3316 822 3389 pie
837 3321 947 3389 pastor,
1002 3313 1153 3369 veritatem
1178 3311 1342 3371 discernere
1366 3313 1526 3373 valeamus.
1551 3319 1633 3374 Tunc
1648 3321 1822 3378 Ambrosius

126 3387 322 3443 ducentorum
344 3385 439 3459 spatia
462 3402 606 3441 annerum
621 3390 768 3442 transacta
780 3387 950 3459 plenissime
1003 3383 1245 3455 archipresbyter,
1272 3388 1301 3439 et
1324 3385 1426 3442 Petrus
1446 3387 1679 3458 archidiaconus,
1696 3390 1824 3449 loannes

123 3457 186 3513 iore
210 3457 354 3524 videntur,
377 3473 411 3512 ex
426 3473 483 3539 (pue
500 3456 598 3512 nullus
614 3457 650 3512 de
663 3457 768 3513 vestris
783 3462 948 3515 antecessu·
1003 3455 1235 3536 etiametlfetrus
1250 3454 1437 3537 diaconicum
1452 3456 1611 3529 aliquantis
1621 3462 1825 3533 exmajorihus

121 3527 207 3584 ribus
221 3544 314 3601 usque
329 3529 359 3584 in
375 3526 549 3584 hodiernum
564 3528 642 3583 diem
658 3545 688 3583 sc
704 3530 879 3601 quandoque
894 3530 948 3587 bae
1002 3529 1032 3583 et
1045 3525 1209 3581 minortbus
1224 3526 1661 3601 eenonrcrsstatimsurgentasa
1671 3547 1822 3601 consessu,

122 3599 161 3656 de
175 3616 265 3655 causa
280 3599 450 3663 intromisit,
466 3600 599 3654 sicutvos
611 3598 948 3665 laceravidemini.Quid·
1002 3596 1193 3652 ostenderunt
1207 3612 1308 3651 eorum
1322 3600 1564 3655 testamentorum
1585 3601 1718 3682 paginas,
1734 3606 1763 3659 et
1779 3621 1824 3661 re-

122 3670 286 3745 quidecim
301 3671 392 3726 nestri
409 3670 636 3743 praedecessores
650 3686 702 3742 per
716 3671 880 3727 mercedem
893 3672 945 3729 da·
997 3684 1070 3741 gum
1085 3671 1237 3740 precepta,
1252 3671 1281 3723 et
1296 3667 1448 3725 dixerunt:
1461 3670 1518 3738 Ha,
1535 3687 1641 3741 senior,
1658 3675 1824 3731 suniteste·

121 3758 262 3798 mnarum
277 3758 379 3815 regum
395 3744 424 3796 et
447 3740 656 3813 imperatorum
678 3742 776 3813 quieto
789 3746 946 3799 tenuerunt
1000 3737 1824 3864 mentorumpagiuae,perquasresetpossessionesnobis

119 3813 236 3881 ordine,
252 3814 308 3870 sub
323 3828 426 3869 omnes
440 3817 552 3870 vestros
569 3819 777 3880 antecessores,
788 3814 839 3886 qui
851 3815 880 3872 iu
891 3814 946 3871 hac
1000 3810 1120 3866 collatos
1134 3810 1330 3873 decedimus.
1347 3811 1525 3886 Praeceptum
1541 3817 1595 3886 est,
1611 3821 1645 3872 ut
1659 3817 1703 3873 he
1718 3816 1825 3875 incon·

118 3884 195 3941 urhe
217 3884 336 3942 luerunt
351 3883 490 3958 episcopi,
506 3880 562 3939 hoc
586 3883 664 3939 idem
678 3887 708 3939 et
730 3902 784 3941 nos
805 3885 946 3942 moderno
998 3883 1165 3945 sedentium
1181 3882 1471 3941 etciroumstentium
1481 3882 1648 3969 legerentur
1661 3888 1764 3946 auditu
1780 3895 1824 3948 :et

117 3959 220 4013 tenere
234 3956 371 4029 'cupimus
385 3960 516 4029 tempora
532 3971 583 4028 per
598 3956 761 4011 mercedem
774 3955 861 4014 istius
871 3974 945 4014 sere·
999 3954 1076 4010 iuter
1090 3952 1247 4027 legendum
1261 3954 1357 4036 primo
1373 3954 1467 4012 tactus
1481 3959 1537 4013 luit
1547 3959 1699 4031 judicatus
1735 3961 1769 4017 iae
1780 3979 1824 4019 re-

119 4026 239 4084 nissimi
263 4025 458 4103 imperatoris.
486 4026 561 4082 Dum
586 4043 653 4082 vero
668 4026 728 4082 hacc
741 4026 888 4085 altercatio
903 4028 945 4086 sic
999 4024 1177 4082 cordationis
1192 4026 1268 4081 Patri
1284 4025 1393 4091 clerici,
1410 4027 1516 4086 dehinc
1529 4029 1692 4100 Giselberti,
1706 4033 1824 4106 judica-

120 4098 200 4155 inter
217 4101 359 4172 utrasque
381 4097 554 4154 dilataretur
572 4103 688 4170 partes:
710 4115 775 4156 ecce
791 4099 945 4228 legationis
999 4102 1047 4154 tus
1062 4096 1321 4180 quoqueNotkerii
1337 4103 1366 4154 et
1378 4098 1503 4173 Billongi
1517 4102 1734 4176 episcoporum.
1754 4106 1823 4170 Qum

118 4187 208 4245 preco
227 4170 327 4227 domni
351 4169 538 4243 imperatoris
562 4174 591 4225 et
603 4170 705 4226 domni
722 4187 803 4245 papa
841 4172 945 4229 cannis
998 4169 1107 4241 son'pta
1133 4184 1195 4241 pan
1217 4173 1246 4223 et
1265 4170 1422 4227 manifesta
1443 4174 1556 4228 ratione
1575 4180 1732 4242 testantur,
1749 4181 1783 4231 ut
1796 4177 1822 4233 si

101 4249 104 4255 ’
119 4241 221 4299 misse
236 4258 288 4316 per
303 4243 380 4298 aaa
395 4241 564 4297 universum
586 4257 709 4369 rognum
722 4243 896 4307 recitarans,
913 4248 946 4299 ut
999 4239 1824 4320 ullusaliquandcl'erenensisepiscopusdeordinatiane

118 4313 220 4371 cuncti
246 4313 375 4387 episcopi
401 4313 569 4368 Ravennam
594 4330 611 4368 a
651 4317 783 4369 sanctam
799 4331 813 4369 s
835 4315 944 4370 nodum
998 4315 1029 4366 et
1044 4310 1207 4382 provisione
1222 4308 1465 4383 archipresbyteri
1479 4317 1509 4368 et
1523 4313 1719 4370 archidiaconi
1734 4321 1765 4370 et
1778 4333 1824 4371 sa·

102 4384 384 4441 ·coueelebrendam
398 4384 582 4453 festinarent,
597 4383 674 4439 sicut
688 4331 946 4440 dudumiilisindi-
998 4381 1150 4436 cardetum
1165 4385 1194 4436 et
1207 4380 1397 4436 diaconorum
1410 4387 1553 4455 potestate
1568 4389 1654 4441 roset
1681 4387 1823 4441 assessio-

119 4458 202 4512 ctum
218 4456 322 4513 luerat.
340 4457 508 4512 Ravennam
524 4453 946 4528 igitureumpratatusepisea-
998 4466 1167 4507 noseorum
1183 4456 1508 4516 removersconaratur,
1532 4454 1633 4510 statim
1672 4456 1819 4513 eveniren-

117 4542 177 4601 pus
191 4526 330 4584 festinare
344 4528 500 4594 rideretur,
517 4524 646 4599 predicti
662 4524 793 4581 canonici
804 4528 943 4595 suam,u‹l
999 4522 1029 4579 ln
1040 4526 1215 4595 potestatem
1231 4521 1476 4578 etordinatioucm
1484 4528 1824 4600 parentumaommgui-

117 4596 752 4671 mercedemdomntimperatoris,contestim
765 4597 944 4653 destinantes
998 4591 1821 4672 cunqueinveniripotuerint,etjudieemhabeantlienm,

118 4668 308 4743 legationem,
323 4668 404 4727 illius
420 4668 673 4742 perinternuntios
681 4667 833 4725 humiliter
842 4668 945 4742 imple
997 4668 1027 4722 et
1041 4664 1198 4721 anathema
1210 4668 1372 4720 maranata.
1388 4666 1699 4741 Lectuminsuperlhil
1713 4687 1822 4745 prasea-

116 4746 259 4802 ravernnt
274 4741 471 4802 clementiam,
488 4744 522 4795 ut
537 4739 943 4814 slidemdomnuscpiscopus
997 4741 1081 4864 ptum
1096 4735 1200 4819 domni·
1213 4734 1350 4819 badonici
1357 4735 1486 4864 giissimi
1494 4738 1679 4821 imperatoris
1697 4743 1822 4815 Augusti

115 4811 150 4868 in
165 4817 296 4870 sanctas
318 4814 393 4870 nodo
409 4813 445 4869 do
459 4809 576 4867 illerum
593 4810 733 4867 canonice
747 4811 823 4868 inter
842 4819 944 4870 catera
1010 4826 1027 4864 n
1043 4824 1101 4882 quo
1117 4812 1355 4880 praecipitemque
1391 4807 1491 4865 nullus
1506 4813 1822 4888 episcopus,n-ullequa

116 4882 254 4941 altercari
268 4831 558 4967 veitet,nequaquam
566 4881 591 4937 ei
600 4882 939 4941 assensustribueretur:
957 4915 979 4984 c
998 4878 1056 4936 alia
1071 4894 1121 4935 me
1142 4895 1179 4935 ne
1193 4878 1237 4934 vel
1253 4894 1343 4951 parva
1357 4896 1482 4952 persona
1497 4897 1529 4965 se
1543 4881 1738 4942 intromittere
1748 4902 1821 4958 pre·

116 4952 599 5014 sedsnbsuedelonsronistutcla
614 4952 943 5028 resillorumetposses·
998 4956 1097 5009 sumat
1132 4951 1264 5007 eoadem
1284 4966 1325 5018 ra,
1341 4957 1372 5006 ot
1389 4967 1597 5024 possessiones
1655 4955 1821 5015 ueillorum

117 5026 219 5083 aiones
231 5031 354 5094 teneret,
370 5028 449 5084 sicut
463 5040 566 5081 omnes
581 5023 628 5080 sui
640 5025 770 5081 lecerunt
784 5027 943 5099 predeces-
995 5021 1118 5080 concilio
1132 5024 1161 5077 et
1174 5036 1330 5079 consensu.
1348 5021 1434 5080 Lecta
1443 5023 1534 5081 otiam
1544 5024 1629 5082 Ratol
1651 5027 1703 5084 ide
1712 5029 1822 5102 sepius

113 5112 211 5157 sores.
227 5099 357 5165 Quorum
372 5096 548 5172 deprecatio,
572 5094 642 5168 quia
659 5097 743 5167 justa
767 5103 795 5155 et
818 5099 943 5155 ratione·
994 5093 1145 5151 nominata
1159 5109 1190 5149 re
1204 5097 1234 5150 et
1248 5093 1433 5167 possessione
1449 5096 1757 5158 aaaroneassiosutt.
1767 5100 1821 5159 Ubi

110 5166 187 5227 'bitis
202 5168 259 5226 sibi
275 5186 339 5227 esse
353 5170 516 5237 videbatur,
531 5167 668 5240 precepit
684 5167 778 5225 eidem
794 5169 940 5243 episeopo,
995 5169 1118 5224 ostense
1131 5168 1202 5221 sunt
1224 5168 1254 5246 et
1267 5162 1331 5220 aliae
1347 5165 1470 5239 pagine,
1485 5167 1820 5245 quibus,silegerentur,

117 5238 942 5314 utnullomododepraedictorumcanonicorumscintro-
995 5235 1299 5295 nonsuffieerctdrcs.

114 5304 247 5369 mitteret
261 5312 349 5370 rebus
362 5315 391 5369 et
402 5310 649 5387 possessionibus,
666 5315 699 5366 ut
712 5310 832 5383 pacifice
847 5312 942 5369 viven·
1029 5309 1241 5365 Vidensautem
1256 5306 1383 5365 domnus
1392 5309 1568 5386 patriarcha,
1578 5313 1820 5387 quiesecuudum

115 5380 277 5441 tesliceret
291 5383 334 5443 eis
349 5384 441 5442 Deum
455 5385 632 5455 sanctosque
645 5379 726 5440 illius
742 5399 795 5456 pro
809 5399 840 5440 se
850 5388 879 5440 et
890 5400 941 5459 pro
995 5380 1170 5463 paginarum
1185 5376 1659 5463 traditionemnullomodorerum
1692 5385 1819 5443 cssessio

112 5468 239 5511 suerum
254 5471 285 5512 re
307 5474 412 5514 norum
427 5458 505 5514 statu
521 5470 648 5510 exarare.
663 5453 700 5509 st
714 5470 750 5509 ne
764 5453 892 5528 amplius
904 5455 941 5512 ab
994 5466 1143 5508 canonicis
1158 5465 1297 5506 concessa
1310 5450 1346 5506 ad
1362 5467 1459 5524 apiscc
1482 5402 1819 5529 spertineretiiadicium,

112 5525 230 5596 wdem,
253 5472 306 5585 vei
320 5529 357 5584 ah
380 5527 441 5585 ullo
465 5524 596 5600 quolibet
624 5525 785 5582 Veronensi
806 5524 941 5599 episcopo
994 5520 1383 5606 ppacepitneidamapiscepo
1407 5468 1544 5607 Ratiierio
1559 5526 1818 5599 expartoDaiom·

113 5594 217 5673 aliqua
236 5600 413 5673 quandoque
438 5600 473 5656 de
497 5614 574 5679 sape
589 5597 741 5654 nominata
755 5599 941 5668 possessione
994 5595 1212 5678 nepotentrs,·ut
1226 5592 1357 5676 amplius
1371 5593 1407 5650 dc
1428 5593 1547 5653 illorum
1565 5596 1817 5681 possessionibus,

99 5670 279 5743 'promoveri
302 5675 401 5746 posset
424 5670 572 5728 altercatio
587 5685 594 5737 ;
617 5671 646 5724 et
659 5667 683 5724 si
710 5672 938 5741 promoveretur,
994 5664 1054 5724 illis
1068 5681 1086 5723 a
1101 5661 1239 5728 coaetus
1253 5662 1426 5727 homnium
1441 5680 1601 5738 mucosus,
1616 5682 1649 5727 so
1662 5667 1820 5730 nonmus-
