3876 6084
60 251 141 320 ,257
578 266 581 271 ·
754 251 1084 318 cularummuu.
1216 200 1220 204 ¹
1690 257 1776 347 „tave

61 401 228 460 cavensque
243 402 279 443 ne
293 384 433 443 irruerint
447 401 536 460 super
550 401 693 443 eumcum
703 383 894 444 multitudine
907 386 936 457 Α
951 385 1044 461 Hugo,
1074 387 1134 444 dux
1162 386 1340 445 Francorum
1363 386 1493 458 inclitus,
1535 384 1775 467 Heribertusque,

60 474 203 544 hostium,
220 492 355 533 reversus
370 477 415 532 est
426 491 493 531 cum
510 473 582 542 suis,
600 475 678 531 undo
699 478 827 544 venerat,
857 473 887 530 iu
945 475 1082 549 deceptor
1093 474 1586 545 smuduleneisslmus,stadalollus
1596 462 1775 539 memissa.

61 563 191 622 Lotbarii
206 581 340 639 regnum.
945 564 1145 638 suscipientes
1160 565 1259 622 rehem
1274 565 1410 640 Lugduni
1429 565 1554 635 civitate,
1571 582 1639 624 cum
1665 566 1777 628 honore

945 653 1075 711 maximo
1092 653 1251 723 deducunt,
1267 652 1365 726 ibique
1379 670 1447 712 eum
1462 654 1492 711 in
1508 669 1607 729 regem
1622 653 1737 714 elevant
1746 656 1777 714 st

947 746 1072 815 ungunt.
1089 741 1343 809 Quiconlirmatus
1355 742 1385 799 in
1401 758 1502 818 regno,
1519 741 1713 814 aedbertus,
1725 744 1776 820 pfa-

92 832 144 889 llis
159 832 200 888 ita
215 832 349 906 patratis,
358 832 517 906 praedictus
527 831 709 899 lleribertus,
721 829 891 888 omnidolo·
946 830 1001 888 tris
1016 831 1062 887 sui
1076 832 1259 904 traditorem,
1275 835 1304 887 et
1317 835 1467 900 tortorem,
1483 849 1515 890 ee
1542 848 1660 909 quoquo
1687 832 1774 908 parill

56 921 269 996 sitateplenus,
283 926 350 996 post
371 938 471 996 regem
497 921 634 978 Carolum
663 919 784 976 nuntios
809 918 889 976 misit
946 921 1034 977 modo
1049 921 1182 995 decipere
1197 920 1373 995 cupientem,
1389 922 1448 979 Deo
1462 921 1505 979 illi
1517 923 1637 997 dignam
1661 936 1714 997 pro
1728 922 1773 982 ta·

56 1012 155 1069 vorbis
169 1010 300 1084 pacificis
315 1011 344 1067 in
360 1011 436 1079 dolo,
453 1010 553 1068 dicens
564 1027 596 1067 se
611 1008 790 1066 omnimodis
798 1008 889 1081 poeui·
944 1008 999 1066 ctis
1014 1010 1283 1084 compensationem
1298 1011 1446 1080 reddente,
1459 1010 1510 1068 tali
1521 1012 1636 1086 punivit
1648 1010 1770 1071 ultione.

57 1103 118 1157 tere
135 1101 213 1175 quod
229 1105 329 1157 contre
343 1117 411 1157 eum
427 1105 551 1156 conatus
566 1098 672 1156 luisset
682 1114 768 1172 agere
780 1115 787 1167 ;
799 1098 886 1168 uude,
942 1097 1099 1156 Notaverat
1112 1099 1206 1156 isdem
1214 1098 1383 1156 lleribsrtus
1398 1100 1540 1174 diemque
1547 1116 1597 1158 rex
1606 1100 1770 1159 Ludovious

57 1189 82 1245 si
99 1193 302 1258 reverteretur,
318 1188 454 1263 promisit
468 1189 494 1245 ci
507 1204 632 1262 regnum
647 1187 826 1243 Francorum
837 1202 889 1260 per
941 1192 1079 1245 venatum
1094 1188 1137 1245 ire
1152 1189 1269 1246 deberet
1282 1206 1288 1257 ;
1304 1188 1551 1263 percogitavitque
1559 1188 1713 1264 ingenium
1725 1192 1770 1263 ut,

57 1278 158 1335 omnia
182 1278 351 1351 subjugare.
383 1278 465 1345 Quod
495 1277 618 1334 audiens
647 1274 777 1342 Carolus,
803 1274 887 1333 latus
942 1277 1138 1350 quandoipse
1155 1294 1222 1332 cum
1239 1293 1305 1350 rege
1327 1277 1477 1334 venatorio
1502 1275 1652 1336 insisteret
1676 1276 1767 1347 lusui,

56 1368 176 1425 allectus
191 1385 285 1441 usque
300 1367 393 1425 sancti
407 1367 537 1432 Quintini
554 1370 695 1432 castrum,
710 1363 886 1422 Vermandis
940 1364 1050 1422 fabulis
1065 1365 1128 1422 suis
1143 1365 1286 1437 illectum,
1303 1364 1403 1439 procul
1418 1365 1771 1442 avenatoribussejuuge·

59 1461 104 1514 est
118 1473 262 1515 reversus.
278 1456 480 1513 Cuiocourens
495 1455 588 1512 isdem
601 1454 782 1521 Heribertus‚
794 1453 885 1511 intro·
941 1456 985 1509 ret
1000 1470 1107 1527 regem,
1124 1470 1250 1526 moxque
1266 1451 1405 1527 ligamine
1418 1453 1561 1521 vinctum,
1586 1454 1769 1513 crudelitatis

59 1545 224 1603 duxiteum
240 1545 269 1601 in
285 1546 421 1601 eumdem
437 1549 577 1610 castrum,
599 1542 830 1617 preparavitqus
858 1543 884 1600 ei
940 1559 1000 1600 suae
1016 1547 1162 1599 exerceret
1177 1546 1286 1599 sctum.
1302 1541 1362 1599 Hoc
1390 1545 1488 1600 autem
1513 1542 1680 1615 consilium,
1710 1546 1768 1602 Dec

57 1634 222 1691 convivium
233 1633 305 1690 satis
320 1633 529 1690 lautissimum.
551 1633 639 1690 Facta
666 1636 764 1689 autem
789 1635 884 1701 nocte,
940 1631 1107 1704 miserante,
1124 1648 1181 1687 non
1195 1630 1290 1704 potuit
1304 1630 1462 1700 latere‚sed
1478 1632 1538 1706 regi
1550 1632 1717 1691 nuntiatum
1724 1636 1770 1692 est

56 1741 124 1781 cum
140 1739 242 1779 omnes
255 1723 322 1778 vino
338 1721 443 1796 sepulti
454 1722 646 1794 quiescerent,
657 1719 794 1794 precepit
804 1720 884 1777 llerl·
940 1719 976 1776 ab
992 1719 1763 1793 unoborumquihuicoonsiliovidsbanturiuteresse.

54 1812 156 1869 bertus
171 1811 234 1868 suis
248 1815 292 1879 ut,
307 1811 459 1877 abeuntes,
475 1809 574 1866 omnia
589 1826 689 1866 eorum
701 1826 783 1865 arma
797 1810 881 1867 tolle·
937 1808 1069 1881 Cumque
1084 1807 1130 1865 die
1146 1810 1268 1876 statuto,
1285 1809 1321 1864 ad
1340 1808 1524 1866 venationem
1548 1809 1686 1879 exissent,
1700 1827 1767 1886 par·

55 1904 131 1968 rent,
148 1915 194 1968 ns,
211 1898 240 1954 iu
256 1899 332 1954 sacto
347 1898 424 1971 quod
441 1897 535 1953 lacere
556 1896 712 1970 cogitabat,
740 1895 883 1952 haberent
936 1899 996 1952 tem
1012 1896 1143 1969 aliquam
1154 1895 1283 1953 militum
1296 1912 1346 1953 rex
1359 1897 1391 1953 in
1406 1896 1504 1954 oculto
1525 1897 1700 1957 insidiarum
1714 1915 1766 1974 po·

57 1988 133 2044 unda
148 1987 283 2043 resistere
298 1989 429 2059 possent.
446 1985 514 2041 Orto
529 1985 619 2059 igitur
635 1983 707 2053 sole,
736 1982 881 2058 accipisne
936 1985 997 2040 suit
1008 1983 1082 2053 loco,
1099 1984 1167 2040 dato
1183 1983 1242 2040 illis
1256 1984 1430 2058 cognitionis
1440 1985 1533 2060 signo,
1551 1987 1629 2061 quod
1643 1988 1766 2047 audien·

54 2093 164 2150 regem,
179 2075 300 2132 tradidit
315 2070 464 2132 custodis.
485 2073 593 2131 Milites
605 2078 715 2141 autem,
736 2090 815 2142 cum,
844 2073 880 2130 ad
935 2076 991 2141 tes,
1007 2072 1438 2149 advolarentcontinuo.Igitur,
1450 2075 1765 2151 cumbatriquesermo·

52 2181 136 2223 arma
146 2165 358 2238 confugientes,
375 2180 432 2220 non
450 2163 620 2237 reperirent,
638 2163 674 2219 ud
689 2162 809 2236 propriu
829 2162 881 2218 do·
937 2162 1071 2220 cinantes
1086 2163 1265 2234 incederent,
1278 2161 1763 2240 rexscilicetinsidiatorquesuue,

54 2253 149 2313 lentes
165 2253 405 2327 repatriaverunt.
422 2251 590 2309 Heribertus
611 2255 708 2308 autem
737 2249 882 2324 accipiens
937 2251 1159 2326 apprehendens
1174 2268 1241 2307 eum
1257 2268 1317 2321 rex,
1340 2252 1425 2325 quasi
1447 2252 1633 2327 amplexandi
1657 2242 1765 2330 gratia,

56 2339 881 2414 Carolum‚duxitincastrumquoddiciturParonuScot·
937 2339 1081 2396 abstraxit
1095 2339 1244 2397 vinculum
1269 2341 1341 2397 setis
1369 2344 1547 2412 contortum,
1571 2341 1649 2400 sella
1671 2342 1763 2415 illius,

53 2437 170 2503 torum3
186 2436 306 2504 eratque
320 2430 361 2487 ibi
377 2431 433 2488 sub
448 2428 583 2487 custodia
596 2428 715 2485 clausus
730 2444 824 2501 usqua
844 2426 882 2483 ad
936 2445 996 2485 sue
1011 2428 1190 2502 alligationis
1205 2445 1303 2497 causa,
1320 2428 1473 2504 alligatum
1486 2447 1494 2501 ;
1517 2446 1653 2506 moxque,
1678 2433 1763 2509 signo

52 2522 131 2579 diem
148 2521 250 2578 mortis
265 2521 340 2592 ejus.
357 2519 434 2577 Uxor
445 2536 511 2577 vero
526 2519 601 2590 ojus,
622 2517 732 2591 regina,
763 2514 882 2574 nomine
936 2517 1015 2585 dato,
1031 2517 1145 2574 insidis
1159 2521 1349 2575 surrexerunt
1361 2518 1397 2576 dc
1410 2518 1484 2576 loco.
1499 2519 1684 2596 Captumque
1706 2521 1762 2582 He·

51 2610 174 2685 Odgiva,
188 2626 294 2684 genere
309 2608 518 2676 transmarina,
548 2623 616 2663 cum
640 2611 669 2663 et
683 2605 748 2679 ipsa
772 2605 881 2662 multas
934 2605 1078 2662 ribertum
1094 2606 1324 2680 interrogatrex,
1348 2607 1419 2680 quid
1447 2606 1503 2664 sibi
1531 2608 1619 2668 vellet
1644 2608 1763 2669 vinculo

52 2696 251 2755 insecutiones
267 2695 371 2753 luisset
386 2696 442 2752 sub
457 2695 512 2751 hoc
527 2698 659 2767 tempore
673 2711 770 2768 passa,
787 2692 881 2750 illium
936 2696 1015 2767 quod
1031 2693 1108 2751 sella
1122 2696 1241 2768 gerebat
1256 2695 1342 2752 aiilxo
1358 2713 1365 2765 ;
1389 2711 1515 2770 moxque
1539 2697 1690 2757 consessus
1718 2704 1764 2758 est
1835 2751 1844 2761 .

53 2802 155 2854 suum,
171 2785 351 2843 Ludovicum
366 2802 501 2859 puerum,
517 2784 553 2842 sd
563 2783 672 2858 Anglos
687 2782 792 2839 direxit
800 2787 882 2839 tuen·
936 2800 1000 2857 quse
1017 2784 1155 2841 adversus
1170 2783 1307 2842 eumdem
1323 2784 1510 2844 machinatus
1523 2788 1682 2846 eratoorde
1696 2803 1762 2863 per·

54 2877 147 2945 dum;
164 2891 233 2932 nam
246 2879 275 2932 et
285 2875 383 2948 ipsum
395 2871 817 2948 querebantinterfimendum.
830 2871 882 2928 Re-
934 2888 1028 2929 verso.
1054 2871 1191 2945 Praecspit
1205 2877 1303 2930 autem
1332 2889 1391 2943 rex,
1421 2877 1450 2930 et
1477 2874 1763 2950 comprehenderunt

53 2982 121 3040 gem
130 2963 460 3040 igitursuperseFrauci
470 2965 605 3020 statuunt
613 2959 771 3018 llcdullum
780 2976 881 3034 quem·
934 2978 1013 3028 eum,
1029 2964 1058 3018 st
1072 2960 1103 3017 in
1118 2961 1221 3018 arbore
1235 2961 1341 3030 vicina,
1357 2962 1414 3020 sub
1428 2962 1531 3022 ascilla
1544 2963 1669 3040 ligatum
1693 2984 1761 3028 sue·

52 3055 123 3112 dam
137 3060 219 3130 patre
235 3054 369 3122 Cinaede,
385 3069 490 3126 genere
504 3051 700 3109 alvernicum.
726 3050 786 3106 Sub
815 3050 880 3122 ejus
934 3050 1109 3123 penderant.
1125 3049 1247 3124 Cunque
1266 3050 1362 3108 adhuc
1390 3051 1546 3126 palpitaret
1574 3055 1704 3128 pendens
1728 3055 1759 3115 iu

50 3148 184 3218 tempore
198 3141 375 3217 Stephanus,
390 3139 584 3199 Tervanensis
602 3140 736 3197 Ecclesia
764 3138 875 3212 episco·
891 3119 913 3189 C
932 3138 1044 3207 arbore,
1056 3138 1148 3210 jussit
1163 3155 1212 3194 rex
1226 3156 1285 3211 quo
1299 3140 1572 3216 pendebatffuuem)
1582 3143 1761 3216 incidere,et

50 3250 120 3308 pus,
136 3230 432 3301 decessitasaecu103
448 3232 496 3288 cui
510 3230 540 3286 in
556 3230 724 3303 episcopatu
735 3227 879 3285 successit
932 3227 982 3284 Dei
998 3227 1076 3283 hunc
1091 3228 1228 3300 potestati
1243 3227 1434 3297 committere,
1448 3230 1473 3285 si
1503 3230 1592 3302 huius
1621 3233 1676 3290 sub
1702 3232 1758 3291 hoo

50 3316 877 3395 Wiclridus,hujusuostrimonasteriisithiupraepositus,
933 3332 1002 3372 casu
1016 3315 1102 3371 vellet
1114 3314 1205 3371 vitam
1220 3331 1344 3372 servare.
1365 3316 1424 3374 Deo
1452 3321 1550 3375 autem
1576 3319 1619 3376 illi
1642 3322 1756 3394 justam

51 3428 131 3470 anno
146 3403 877 3475 incarnationisDonrinicae755,xuKalendaslulii,
933 3402 1154 3460 retributionem
1173 3420 1225 3477 pro
1241 3405 1326 3462 factis
1339 3405 1490 3475 reddente,
1518 3424 1585 3464 cum
1614 3408 1757 3469 dimissus

52 3501 91 3558 ab
105 3500 224 3557 Artaldo
239 3498 446 3572 archipresule
470 3499 666 3554 consecratus.
698 3493 747 3551 llis
775 3493 880 3550 diebus
934 3490 1038 3549 luisset
1048 3509 1082 3549 ex
1093 3493 1207 3564 arbore,
1218 3494 1330 3567 crepuit
1340 3492 1455 3551 medius
1467 3513 1474 3552 :
1487 3499 1549 3553 erat
1559 3497 1638 3556 euim
1654 3499 1760 3557 crassi·

51 3581 880 3661 Nordmanni,aRotomagccolloctnmultitudinenavium
935 3579 1761 3659 tudinisnimiae.'luliqusmortsfinempresentishabult

53 3677 295 3750 circumjacentia
309 3677 400 3734 maris
414 3674 721 3732 littoradevastabant,
732 3672 812 3740 Quod
829 3687 881 3726 au·
934 3668 1009 3728 vita.

54 3768 142 3826 diens
156 3766 300 3824 Rodulius
307 3768 548 3839 rex,congregato
556 3764 732 3820 Francorum
742 3758 880 3829 exercitu,

55 3861 159 3916 contra
173 3855 226 3913 hos
241 3854 269 3912 in
286 3855 739 3928 pago'larvanensepugnaturus
748 3848 882 3907 accessit.
1080 3850 1196 3907 Llllllll.
1213 3850 1250 3907 lle
1263 3853 1350 3908 morte
1362 3851 1496 3910 lietduini
1506 3852 1621 3912 obdab.

56 3945 177 4019 Cognito
193 3945 258 4014 hoo,
274 3944 455 4004 Nordmanni
470 3943 610 4017 captivos,
626 3958 701 4014 quos
711 3941 748 3997 ds
762 3938 884 3995 diversis

55 4034 131 4093 locis
146 4037 344 4109 sumpserant,
355 4031 543 4107 jugularunt.
559 4028 701 4088 liedulfus
711 4032 809 4085 autem
824 4044 884 4095 rex,
974 4030 1060 4100 (918.)
1076 4027 1238 4086 Balduinus
1251 4028 1375 4105 (Calvus)
1390 4034 1500 4104 autem,
1516 4048 1615 4091 comes
1630 4036 1660 4091 et
1674 4033 1765 4094 abbas

56 4115 884 4197 inmonsquidiciturFalcoberginsecutuseospraelium
939 4117 1108 4175 monasterii
1119 4117 1226 4190 Sitbiu,
1239 4119 1385 4177 ambitum
1401 4120 1514 4179 castelli
1528 4121 1605 4179 circa
1615 4128 1766 4184 monaste·

57 4213 217 4283 commisit,
236 4207 886 4286 rugatisqueeis,victoriomestsdeptus,licet
939 4207 1017 4263 rium
1037 4206 1130 4264 sancti
1158 4207 1268 4264 Bertini
1287 4210 1459 4278 construxit,
1484 4213 1513 4290 et
1526 4225 1579 4284 per
1600 4210 1766 4269 ministeria

58 4318 128 4359 cum
143 4317 264 4358 suorum
280 4300 408 4357 maximo
422 4298 586 4374 dispendio.
939 4295 1104 4370 disposuit;
1117 4300 1146 4352 et
1160 4295 1617 4370 postbsclutbreviusejuslacta
1626 4298 1766 4372 perstriu-

939 4389 1056 4460 gantur,
1073 4383 1139 4459 plus
1149 4382 1271 4441 abstulit
1284 4383 1618 4458 Ccclesiequamdedit3
1634 4386 1767 4445 ethacte-

899 4494 924 4561 1)
940 4492 996 4532 uus
1011 4475 1047 4531 de
1061 4475 1234 4531 damnoase
1244 4477 1408 4548 perpetrato
1418 4473 1546 4533 sentient
1554 4474 1688 4533 monachi
1697 4492 1768 4551 prs-

96 4569 182 4643 (929.)
196 4570 280 4625 Anno
308 4569 375 4640 post
401 4565 463 4622 haeo
488 4563 701 4622 incarnationis
728 4561 884 4620 [lominica
939 4567 1036 4620 sentes
1050 4566 1080 4620 et
1095 4562 1195 4619 futuri.
1210 4562 1368 4637 Postquam
1379 4567 1477 4621 autem
1499 4563 1584 4622 annis
1607 4564 1709 4623 decem
1736 4568 1765 4623 et

43 4659 123 4731 ¹929,
139 4657 260 4715 Carolus
274 4673 325 4713 rex
340 4656 370 4711 in
386 4655 498 4712 Parona
512 4658 620 4720 castro,
634 4652 665 4708 iu
680 4652 813 4710 custodia
828 4668 887 4724 qua
940 4656 1052 4725 septem
1067 4650 1130 4708 solo
1150 4650 1268 4708 nomine
1296 4652 1468 4725 prefuissetl
1499 4655 1654 4726 egrotans,
1684 4652 1767 4726 obiit,

59 4748 173 4804 missus
188 4747 292 4814 lucrat,
309 4745 418 4802 obiitvr
434 4741 728 4813 KalendasOctobris,
739 4739 886 4815 sepultus·
941 4758 1018 4799 anno
1033 4740 1120 4797 Verbi
1131 4740 1346 4810 incarcati9l8,
1360 4758 1389 4798 rv
1398 4741 1468 4798 Idus
1477 4740 1669 4815 Septembris.
1680 4740 1769 4801 Cum·

59 4853 119 4911 que
133 4841 179 4892 est
194 4836 223 4891 in
238 4832 417 4892 monasterio
432 4831 526 4890 sancti
552 4831 663 4889 Fursoi.
693 4831 771 4887 Obiit
798 4829 887 4887 etiam
941 4845 1120 4903 quecorpus
1135 4831 1199 4899 oJus
1214 4845 1282 4901 pars
1297 4828 1398 4902 aliqua
1413 4828 1587 4887 militumin
1602 4829 1771 4889 Sitbiumo·
1802 4855 1806 4862 ·

59 4930 129 5001 post
142 4925 203 4981 haec
218 4923 361 4980 liedulfus
377 4939 427 4979 rex
440 4922 525 4993 (lta).
543 4921 604 4985 Quo
622 4920 770 4988 defuncto,
786 4918 888 4976 Franci
942 4918 1080 4984 nasterio,
1090 4917 1175 4989 juxta
1190 4921 1303 4990 patrem
1318 4934 1405 4974 suum
1420 4917 1608 4991 [balduinum
1631 4918 1770 4995 Ferreus]

59 5021 226 5072 transmare
240 5018 360 5087 propter
374 5011 551 5069 Ludovicum
567 5009 708 5083 dirigunt,
729 5014 761 5065 ut
776 5026 842 5065 cum
857 5008 889 5063 in
941 5007 1048 5065 vellent
1061 5005 1218 5074 tumulare,
1236 5023 1307 5062 uxor
1322 5008 1397 5080 ejus,
1415 5007 1535 5064 nomine
1550 5006 1703 5079 lllltrudis,
1717 5026 1769 5067 ou·

59 5110 183 5178 paterno
198 5103 271 5160 solio
287 5103 316 5158 in
332 5118 454 5175 regnum
470 5099 665 5156 sublimarent
683 5098 861 5154 Francorum
878 5115 885 5165 ;
941 5097 1025 5170 piens
1040 5113 1107 5152 cum
1121 5094 1170 5150 illo
1184 5094 1295 5168 pariter
1309 5095 1339 5150 in
1356 5111 1414 5151 uno
1424 5094 1567 5152 cimiterio
1578 5096 1768 5170 concinerari,

58 5193 177 5267 ipsique
187 5194 365 5250 Francorum
375 5206 508 5264 proceres
517 5187 704 5263 episcopique
715 5191 744 5244 ot
753 5187 886 5255 comites,
942 5185 1090 5251 Gandavo,
1106 5184 1136 5239 in
1151 5182 1328 5240 monasterio
1342 5182 1508 5252 Blandinio,
1523 5184 1592 5243 iecit
1616 5186 1768 5245 tumulari.

59 5280 223 5338 Bononiam
234 5279 572 5353 usquecivitatem,oum
587 5276 714 5334 maximo
729 5276 839 5332 honore
848 5291 889 5332 re·
943 5274 1073 5330 Necdum
1093 5272 1172 5329 enim
1200 5272 1313 5328 licitum
1337 5275 1399 5328 erat
1426 5272 1566 5347 cuiquam
1592 5275 1769 5333 Feminarum

59 5385 128 5444 gem
140 5370 306 5442 suscepturi
321 5368 437 5426 obviam
452 5370 578 5441 pergunt
591 5384 599 5438 ;
626 5364 704 5422 inter
728 5381 803 5438 quos
827 5366 890 5421 erat
943 5362 1037 5420 sancti
1052 5361 1159 5419 Bertini
1174 5360 1520 5437 ingredimonaeterium,
1535 5364 1676 5440 notasque
1686 5365 1771 5438 puta·

220 698 313 755 LXXI.
328 701 366 756 lle
377 698 530 755 inclmionc
540 699 613 768 repis
625 696 728 754 Caroli.

204 4433 310 4490 LXVII.
326 4435 365 4490 lle
377 4433 493 4490 ademta
506 4432 636 4489 Larlorrici
650 4432 733 4501 repis.

97 5547 172 5631 (112)
186 5547 265 5608 Obiit
278 5546 423 5606 Rodulius
438 5537 515 5604 anno
530 5544 594 5617 936,
611 5560 712 5611 meuse
722 5540 787 5607 Jan.

221 5675 359 5746 Peneon.
381 5672 536 5743 Clltlllll.
1576 5667 1619 5739 ⁴0
