3892 6090
110 324 168 387 iai
560 314 748 379 Rll'l'llllllill
767 313 892 377 uulso.
913 310 1059 377 VliRON.
1081 311 1168 376 OPP.
1190 313 1291 376 PARS
1312 311 1365 376 lll.
1759 305 1815 370 'tit

15 474 20 483 ’
111 453 183 510 mati
198 452 307 527 linguis
322 451 411 509 variis
426 449 571 519 homines,
588 447 712 524 apostoli
727 455 839 521 utique,
856 450 933 521 ignis
947 447 976 515 A
989 448 1050 502 tani
1066 445 1143 519 pius,
1160 450 1221 502 tani
1234 445 1410 513 misericors,
1425 447 1487 502 iam
1502 447 1548 501 est
1559 440 1656 501 facilis
1675 442 1715 499 ad
1736 442 1814 514 igno·

111 542 201 599 divini
209 541 586 599 ardoribusestuantes.Ad
594 534 935 613 postremumlioniinioee
990 535 1132 593 scendum
1144 535 1337 605 conversis,ut
1347 533 1514 592 noverimus
1524 550 1593 590 euni
1612 535 1815 589 nostrumnon

110 631 334 689 resurrectionis
349 630 404 687 iste
419 631 464 685 est
479 627 742 702 quinquagesimus
758 627 832 693 dies,
848 641 936 699 quein
991 624 1057 681 odio
1072 624 1282 698 habere,quam
1295 624 1438 692 condidit,
1451 622 1718 689 substantiam,scd
1734 620 1816 677 mali·

109 719 281 794 patriarcha
296 736 398 777 omncs
414 722 501 791 atque
516 717 675 791 prophetae,
692 733 759 773 cum
784 733 802 773 a
826 714 937 772 Pascha
992 715 1133 789 gnitatem
1148 713 1291 772 exsecrari
1307 713 1405 788 potius
1422 718 1564 771 nostram.
1581 710 1706 779 Quodsi
1728 709 1816 783 ipsius

110 826 204 881 usque
219 809 255 865 ad
270 800 363 866 istum
379 812 497 865 ceteros
513 823 615 864 ornnes
629 805 808 863 venerationi
832 804 937 861 debite
992 803 1100 861 auxilio
1116 802 1266 861 immutari
1282 802 1426 877 gestimus
1438 821 1444 872 ;
1457 803 1616 876 probemus
1631 805 1664 858 et
1678 817 1743 867 nos,
1754 816 1816 856 euni

110 898 295 971 deputarent,
311 897 401 954 istum
427 913 485 971 pra
511 896 649 952 omnibus
673 892 829 951 celebrant.
855 893 937 949 Mon·
993 893 1077 950 nobis
1092 892 1216 950 invicem
1231 895 1452 961 succensemus,
1468 908 1526 949 non
1541 907 1597 946 nos
1607 892 1763 964 propterca
1775 890 1815 945 in·

112 986 367 1044 stretlieo'lobias
378 985 602 1042 videntissimus
614 981 938 1040 caecus:moustrathoe
992 982 1085 1040 vicem
1100 982 1263 1051 odisse,sed
1278 980 1483 1054 malum,quod
1499 981 1529 1036 in
1544 978 1631 1037 nobis
1645 977 1816 1036 alterutrum

112 1075 270 1150 Apostolus
281 1074 389 1132 ndcoeli
400 1072 936 1144 tertiisublimioraeoiiduetus(l554):
994 1070 1240 1144 recognoscimus,
1257 1087 1377 1127 exosum
1393 1069 1511 1126 habere.
1528 1068 1745 1126 Convertibiles
1768 1069 1816 1124 ita·

114 1157 202 1236 luein,
217 1163 314 1236 inquit
326 1163 375 1220 ille
391 1164 505 1236 [supple.
522 1163 567 1230 ad]
581 1165 748 1219 Pentecostcs
758 1162 941 1234 diemsestum
995 1176 1051 1234 que
1066 1160 1102 1217 ad
1118 1160 1243 1216 invicem
1258 1177 1326 1216 cuin
1343 1158 1435 1216 nostri
1450 1159 1511 1215 sint
1524 1175 1655 1229 amores,
1682 1164 1714 1215 ut
1737 1158 1815 1225 odia;

117 1244 251 1322 metram,
266 1253 313 1323 iiiii
328 1261 365 1308 est
382 1261 491 1309 sanctia
506 1269 523 1307 o
537 1253 697 1324 septimonia
717 1252 784 1325 (Aet.
811 1269 858 1318 xx,
883 1252 938 1321 lii).
995 1250 1088 1306 Deum
1102 1252 1183 1305 tanto
1197 1246 1448 1305 inconvertibilius
1463 1251 1492 1304 et
1506 1248 1747 1321 perseverantius
1761 1247 1817 1304 dili·

119 1343 226 1398 Beatus
241 1357 306 1396 vero
321 1339 429 1397 Paulus
444 1340 598 1397 festinasse
618 1340 725 1414 legitur
747 1341 825 1397 disin
849 1340 941 1398 istum
995 1338 1103 1413 gimus,
1121 1341 1230 1412 quanto
1245 1337 1424 1394 voluntatem
1442 1335 1535 1410 ipsius
1550 1337 1631 1394 idem
1654 1354 1731 1410 esse,
1747 1337 1815 1411 qued

119 1429 310 1502 ierosolymis
321 1429 560 1500 celebrare,quod
572 1429 660 1485 sciret
673 1428 757 1485 illurn
773 1447 830 1502 pre
846 1430 941 1486 omni·
996 1429 1093 1502 ipsum
1107 1430 1150 1500 [(.,
1167 1427 1240 1501 ipse,
1255 1432 1281 1484 et
1295 1426 1413 1483 sabaadi
1424 1427 1490 1499 esti,
1507 1427 1728 1501 cognoscimus.
1745 1428 1816 1484 Unde

118 1520 176 1576 bus
191 1517 329 1573 eminere.
347 1517 472 1583 Sanctae,
492 1517 600 1590 inquit,
628 1534 645 1573 c
670 1520 854 1591 septimanis:
883 1535 942 1575 non
996 1518 1026 1573 in
1042 1517 1137 1591 ipsius
1151 1533 1250 1574 amare
1266 1515 1346 1572 nulla
1361 1515 1445 1572 nobis
1458 1516 1621 1588 imponitur
1636 1516 1816 1585 mensurain

120 1606 326 1680 perfunctorie,
344 1605 475 1678 inquam,
499 1611 659 1679 computa:
690 1624 759 1663 nam
787 1626 804 1664 a
832 1606 944 1665 Pascha
998 1611 1097 1663 nostro
1112 1623 1179 1663 vero
1192 1603 1357 1678 seponitur
1376 1603 1515 1672 conditio,
1540 1608 1573 1660 ut
1596 1605 1643 1663 sie
1667 1604 1816 1680 diligamus

120 1711 214 1768 usque
230 1694 267 1749 ad
282 1694 455 1752 Pentecoten
470 1694 558 1752 istam
575 1698 705 1752 nostram
725 1696 943 1753 sanctissimam
998 1695 1156 1769 proximos,
1173 1695 1249 1751 sicut
1263 1692 1470 1767 nosmetipsos,
1487 1694 1515 1749 id
1537 1698 1583 1750 est
1601 1697 1637 1750 ut
1649 1698 1756 1767 praeter
1768 1693 1816 1751 alia

120 1785 198 1840 diem
209 1800 267 1840 non
279 1783 335 1839 nisi
348 1787 470 1856 septem,
481 1783 537 1840 nisi
549 1783 642 1853 fallor,
654 1783 854 1842 hebdomadas
865 1785 943 1842 inve·
999 1784 1101 1857 quales
1114 1800 1168 1840 nos
1180 1782 1302 1839 existere
1314 1781 1609 1851 debuissemus,lales
1625 1787 1656 1840 et
1669 1782 1735 1839 illos
1750 1783 1814 1840 desi·

120 1873 194 1929 nies.
211 1877 284 1946 Lege
308 1873 491 1945 prophetam,
520 1877 548 1929 ot
575 1872 776 1945 septiformem
802 1874 945 1946 Spiritum
1000 1875 1137 1930 daremus
1151 1873 1283 1929 existere.
1296 1871 1361 1928 Haec
1375 1871 1412 1927 (le
1426 1871 1550 1928 lectione
1563 1874 1682 1928 tautum
1697 1872 1815 1946 tetigisse

121 1978 210 2036 super
225 1963 327 2018 florem
344 1962 379 2017 de
395 1961 492 2018 radice
505 1962 588 2018 iesse
611 1963 816 2020 ascendentem
832 1964 945 2038 requie·
999 1962 1127 2021 sufficiat
1143 1959 1324 2034 Evangelica.

121 2051 199 2110 visse
213 2049 375 2123 comperies
387 2052 449 2119 (faa.
466 2068 486 2119 1,
502 2050 539 2124 l).
1034 2052 1061 2107 5.
1074 2051 1117 2107 Ad
1133 2049 1328 2108 solemnitatis
1343 2049 1489 2106 hodierna
1504 2049 1653 2123 praeconia
1676 2055 1814 2108 converta-

158 2143 184 2197 li.
201 2140 272 2207 Quis
287 2143 332 2198 est
347 2143 445 2196 autem
469 2138 517 2197 ille
541 2139 677 2213 Spiritus,
702 2139 758 2197 nisi
782 2141 832 2214 qui
858 2142 947 2216 super
1000 2157 1076 2197 mur.
1091 2140 1183 2208 Sient,
1198 2139 1313 2211 iratres,
1334 2138 1487 2197 Canticum
1511 2140 1707 2209 canticorum,
1722 2146 1751 2197 et
1767 2141 1815 2197 lter

123 2228 326 2287 Dominumin
355 2226 501 2297 columba,
531 2245 620 2300 super
646 2228 793 2302 apostolos
821 2229 849 2286 in
880 2231 947 2304 igne
1000 2230 1239 2302 dieiturregum;
1266 2227 1816 2287 sieistadiessolemnitasestsolemni·

124 2317 298 2375 deseendit?
308 2319 401 2383 Quare
411 2334 478 2373 vero
491 2335 580 2390 super
589 2317 747 2375 Dominum
760 2319 789 2384 iii
799 2318 945 2388 columba,
1000 2320 1150 2377 tatumnd
1166 2317 1307 2374 hoeenim
1319 2316 1452 2374 Christus
1463 2322 1551 2374 natus
1561 2321 1655 2390 est,ut
1669 2323 1814 2392 pateretur,

125 2423 213 2478 super
227 2405 375 2480 apostolos
390 2399 456 2462 voro
471 2406 501 2462 in
517 2405 584 2479 igne
608 2408 766 2481 apparuit?
794 2409 852 2464 nisi
878 2409 948 2482 quia
1000 2409 1036 2465 ad
1052 2408 1107 2466 hoe
1122 2412 1266 2474 mortuus,
1285 2410 1317 2462 ut
1338 2409 1521 2479 resurgeret;
1538 2407 1574 2463 ad
1591 2405 1648 2464 hoe
1659 2407 1815 2473 resurrexit,

124 2499 297 2551 mansuetus
314 2495 432 2551 veniens
447 2495 600 2563 Dominus,
625 2501 778 2554 mansueto
807 2499 890 2571 signo
916 2515 948 2556 se
1002 2502 1034 2554 ut
1048 2513 1177 2565 carnem,
1193 2512 1282 2568 quam
1298 2496 1334 2551 de
1348 2494 1433 2552 nobis
1448 2512 1499 2568 pro
1515 2495 1601 2553 nobis
1617 2496 1815 2570 sumpseratis

123 2584 319 2640 demonstrari
333 2583 427 2640 valuit
441 2583 780 2658 hominibus;apostolos
791 2605 857 2644 vero
864 2588 947 2660 judi·
1002 2585 1108 2644 coelum
1124 2585 1249 2653 levaret;
1266 2584 1302 2641 ad
1317 2584 1373 2640 hoc
1388 2600 1452 2641 eam
1468 2583 1537 2641 illuc
1552 2584 1718 2653 transtulit,
1729 2591 1760 2642 ut
1772 2585 1816 2640 im·

124 2671 201 2729 cium
218 2687 305 2728 suum
321 2671 546 2727 annuntiaturos
559 2672 706 2730 missurus
719 2675 949 2747 [subauditarvo-
1002 2673 1156 2733 mortalem
1171 2690 1345 2746 semperque
1361 2673 1476 2731 felicem
1491 2673 1631 2732 efficeret.
1654 2675 1737 2741 Quod
1760 2672 1816 2748 quia

123 2757 179 2815 luit
193 2759 415 2829 demonstraret,
436 2762 950 2834 eumquoterrerejudieaturusad-
1002 2765 1059 2822 nisi
1074 2765 1151 2820 dono
1165 2762 1290 2837 Spiritus
1313 2763 1390 2820 880
1419 2761 1513 2820 suncti
1539 2779 1599 2841 non
1625 2766 1741 2838 potarat
1766 2762 1816 2819 fieri

122 2846 285 2914 veniet.Qui
296 2847 838 2920 nsjudienreturmansuetus,advenit
849 2855 947 2912 sonitu
1002 2854 1071 2928 (nisi
1086 2852 1165 2910 enim
1175 2851 1322 2925 baptismo
1337 2851 1498 2922 regenerati
1509 2851 1576 2907 novi
1588 2851 1814 2910 hominesefiee

123 2934 199 2994 085
218 2935 436 2993 vehementiore
464 2937 693 2995 demonstratus.
723 2941 852 3015 hinguas
881 2960 948 3002 vern
1003 2960 1111 3011 remur,
1127 2942 1157 2997 in
1172 2945 1315 2998 vetustate
1340 2945 1492 2998 manentes
1521 2939 1630 2998 salvari
1660 2941 1812 2999 nullatenus

123 3042 213 3100 quare
227 3026 327 3097 igneas
341 3025 575 3082 demonstravit?
588 3028 644 3083 nisi
660 3032 692 3084 ut
706 3046 804 3088 servos
829 3050 898 3089 suos
919 3037 949 3091 ei
1002 3031 1200 3105 potuissemus
1217 3047 1223 3087 :
1240 3028 1381 3104 baptizari
1393 3046 1461 3086 vero
1488 3028 1571 3087 nullo
1600 3031 1690 3087 modo
1716 3030 1770 3088 nisi
1789 3029 1810 3084 in

124 3114 264 3172 charitate
280 3114 431 3181 ferventes,
448 3119 476 3170 et
491 3132 625 3172 sermone
635 3119 872 3191 promptissimos
883 3122 943 3179 fore
1003 3121 1114 3194 Spiritu
1130 3123 1231 3177 sancto
1247 3119 1356 3182 (uniit.
1373 3136 1414 3188 iii,
1433 3119 1476 3191 ll)
1497 3122 1525 3176 et
1548 3119 1618 3192 igne
1641 3124 1810 3203 poteramus3

124 3205 444 3263 deheremonstraret:
468 3204 518 3277 qui
547 3206 649 3278 utiquo
678 3208 767 3281 (quod
798 3212 884 3268 modo
909 3190 981 3269 exc
1003 3207 1808 3285 Spiritumsanctumnobishodieinlinguisigneismisit,

124 3292 280 3367 Evangelio
296 3292 428 3349 nuditum
453 3293 508 3365 est)
532 3310 567 3351 ea
590 3295 710 3353 veritate
734 3297 948 3374 depromerent,
1003 3308 1036 3357 ut
1052 3299 1190 3374 baptizati
1205 3297 1326 3367 seilicet,
1342 3302 1371 3354 et
1384 3297 1538 3371 loquentes
1552 3298 1589 3355 de
1604 3299 1675 3367 Deo,
1691 3304 1719 3357 et
1731 3311 1808 3355 amois

126 3401 185 3458 qua
199 3383 310 3439 dictum
325 3386 534 3456 cognoscerent
548 3384 630 3457 (quid
646 3385 701 3442 hoe
722 3404 789 3444 vero
812 3393 866 3459 est,
891 3391 949 3448 fra·
1004 3388 1084 3446 illius
1096 3393 1125 3445 et
1139 3387 1263 3461 preximi
1275 3385 1482 3457 ferventes,illo
1497 3390 1678 3461 quaudoque
1692 3387 1806 3445 transfer

127 3478 187 3532 tres
197 3472 244 3543 i):
270 3474 355 3539 lli'xit,
379 3471 476 3544 inquit
498 3474 686 3547 evangelista,
710 3478 785 3534 iesus
806 3479 950 3552 discipulis
1004 3495 1112 3544 remur,
1129 3494 1187 3550 quo
1203 3475 1266 3533 sine
1288 3475 1429 3533 charitate
1453 3476 1606 3533 transferri
1633 3477 1715 3534 nullo
1740 3474 1804 3533 inodo
1847 3510 1849 3517 ι

126 3565 183 3619 sai's
192 3581 200 3617 :
209 3564 241 3619 Si
254 3563 313 3635 qaia
328 3560 420 3633 diligit
434 3579 642 3631 me,aernieiiein
655 3581 745 3621 inerim
759 3568 947 3637 seruabitete.
1003 3568 1217 3641 poteramus.Si
1230 3567 1291 3638 quis
1305 3565 1394 3632 enim,
1411 3569 1444 3621 ut
1456 3565 1496 3621 ait
1510 3565 1680 3638 Apostolus,
1695 3567 1802 3641 spiritis
1847 3524 1849 3617 l

128 3657 222 3723 (ioan.
239 3668 296 3718 xiv,
307 3651 365 3719 23).
379 3651 449 3715 Quis
465 3649 596 3724 linquam
612 3652 724 3710 habens
739 3656 854 3728 igneam
869 3658 949 3715 istud
1004 3657 1106 3714 Christi
1133 3672 1188 3713 noir
1215 3656 1305 3722 babet,
1335 3655 1380 3711 bic
1398 3656 1591 3727 nmcstcjus.
1608 3653 1801 3726 (donavisti.

126 3739 287 3813 sophistica
297 3740 536 3812 tergiversatione
546 3742 724 3799 confundere
734 3746 949 3820 audeatihper·
1003 3746 1057 3811 Oui
1072 3748 1170 3802 autem
1186 3761 1243 3800 nou
1258 3750 1303 3801 est
1317 3745 1391 3815 ejus,
1401 3759 1585 3816 consequens
1600 3750 1657 3812 est,
1674 3750 1705 3802 ut
1717 3761 1764 3801 non
1774 3739 1801 3797 sit

125 3833 189 3884 tuin
205 3832 260 3895 est,
271 3832 370 3899 aperte
385 3828 556 3885 disseratur.
568 3830 646 3885 Nihil
663 3833 870 3890 niedium.ilut
881 3836 949 3892 dili·
1003 3834 1149 3908 particeps
1170 3833 1252 3908 regni
1281 3831 1371 3890 illius.
1400 3833 1525 3906 Spiritus
1551 3838 1654 3891 autem
1682 3829 1800 3909 possessio

125 3916 223 3989 gimus
238 3915 407 3983 Dominum,
424 3921 475 3972 aut
496 3934 554 3973 non
570 3918 731 3992 diligimus.
743 3921 771 3976 si
786 3921 949 3994 diligimus,
1004 3925 1170 3995 conjectura
1184 3938 1251 3978 cuin
1267 3922 1306 3979 sit
1320 3921 1472 3979 eharitatis
1486 3922 1660 3996 ipsa,(l557i
1670 3924 1759 3981 eodeni
1770 3917 1800 3974 di·

126 4005 203 4077 quod
217 4003 346 4076 praecipit
361 4004 494 4063 facimus.
509 4006 539 4061 Si
555 4023 612 4062 nen
628 4006 790 4080 diligimus,
804 4013 881 4083 quod
899 4013 948 4085 ju·
1003 4018 1086 4069 cente
1101 4012 1249 4085 apostolo,
1265 4011 1336 4084 quia
1353 4012 1473 4068 charitas
1492 4012 1540 4068 liei
1552 4011 1657 4085 diffissa
1670 4017 1708 4070 est
1722 4014 1800 4068 iace·

125 4093 174 4149 bet
189 4092 310 4149 minime
325 4092 517 4150 custodimus.
534 4093 564 4151 Si
579 4094 731 4168 diligimus
751 4115 828 4170 euni,
854 4102 891 4157 ab
915 4118 949 4159 eo
1002 4102 1082 4158 ditiis
1109 4103 1210 4158 nostris
1235 4117 1286 4173 per
1314 4100 1448 4172 Spiritum
1462 4104 1600 4170 sericium,
1613 4104 1663 4174 qai
1684 4102 1755 4158 doe
1772 4100 1801 4152 at

123 4181 299 4256 diligimur:
317 4182 340 4238 si
365 4198 433 4252 non,
459 4185 595 4256 quamvis
619 4202 686 4241 eum
711 4186 949 4248 irrationabiliter
1002 4192 1179 4263 nobi'etiioni.
1195 4208 1222 4259 v,
1238 4190 1284 4261 5);
1301 4193 1382 4246 tanto
1398 4189 1552 4247 certiusde
1563 4190 1801 4263 quaeritantium

124 4272 214 4344 (7555)
231 4275 408 4338 metuamus,
433 4271 517 4346 diligi
531 4277 629 4331 temen
646 4292 703 4331 uon
717 4283 949 4351 praesumptuose
1002 4279 1142 4352 Spiritum
1154 4283 1289 4337 sanetum
1300 4277 1803 4354 habeat,valemusagnoseerequanto

123 4365 272 4435 putemus.
289 4360 370 4428 Quod
384 4360 477 4432 possit
490 4379 557 4419 vero
572 4363 645 4432 fleri,
668 4364 790 4423 minime
812 4368 948 4443 despere-
1003 4370 1205 4427 ferventiorem
1220 4384 1285 4425 esse
1300 4368 1446 4425 cernimus
1461 4368 1490 4424 in
1506 4368 1661 4426 charitate.
1678 4370 1728 4439 oni
1743 4379 1803 4428 vero,

124 4450 660 4523 mus(l556(.Cuniturenimdeeo:
685 4455 945 4529 Misenumnam,
1002 4459 1042 4514 uit
1057 4457 1225 4530 Apostolus,
1241 4457 1368 4514 bobardi
1380 4459 1564 4514 substantiam
1578 4459 1713 4529 meridiei
1725 4451 1803 4513 uiderit
1847 4458 1849 4519 l

123 4541 245 4605 Doniine,
261 4543 289 4596 ci
300 4540 363 4595 niti
376 4539 459 4597 noeti
472 4557 566 4596 corum
580 4558 640 4614 quac
667 4545 766 4614 fedati.
794 4545 872 4602 Nihil
900 4565 948 4605 ve·
964 4559 987 4626 1)
1001 4549 1117 4620 fratrem
1131 4563 1214 4603 suain
1227 4563 1332 4604 ricemer
1345 4546 1453 4612 balim,
1467 4551 1491 4603 ei
1506 4548 1640 4604 clauserit
1658 4550 1754 4605 auom
1764 4555 1804 4598 Μ
1847 4574 1849 4583 ·

124 4628 194 4685 rius.
211 4628 275 4683 Non
291 4630 352 4684 odit
367 4629 512 4686 Dominus
525 4630 604 4702 quod
617 4631 646 4686 iii
663 4636 690 4688 te
705 4633 783 4701 feeit,
809 4635 859 4690 sed
886 4636 950 4694 edit
1002 4637 1036 4694 ab
1050 4652 1090 4707 eo,
1106 4637 1237 4709 quomodo
1258 4636 1379 4692 alacritas
1400 4637 1556 4693 Daimonet
1571 4638 1804 4711 insufflarent
1847 4686 1849 4725 ¹

124 4715 202 4788 quod
213 4719 243 4770 tn
257 4716 358 4788 ipsein
372 4717 414 4773 tui
427 4717 522 4791 ipsius
533 4719 736 4792 prejudicium
748 4722 833 4791 faeis3
845 4727 873 4780 et
884 4725 948 4782 ideo
1002 4725 1058 4798 fi.)
1073 4726 1156 4792 Quod
1171 4741 1237 4781 eum
1254 4724 1295 4780 ite
1310 4725 1358 4794 sit,
1375 4725 1507 4799 probatio
1522 4725 1636 4799 absque
1653 4725 1739 4784 dubio
1750 4721 1805 4780 eba-
1847 4754 1849 4827 ¹

144 4847 249 4929 ¹(i554)
263 4852 329 4905 Haec
350 4849 435 4906 lectio
449 4852 604 4934 antiquam
619 4853 782 4910 versionem
809 4855 876 4912 libri
891 4860 947 4915 Το-
1002 4877 1033 4925 ii,
1071 4874 1116 4931 ag.
1129 4858 1192 4913 7i3.
1846 4830 1849 4941 i

121 4918 176 5000 bui
203 4935 237 4975 ex
265 4920 362 5002 Graec
390 4921 515 4994 exhibet,
531 4925 670 4997 quaeaP.
688 4925 950 4988 Sabatierexaodi·
1035 4875 1316 5001 (F555)Adverbium
1334 4932 1564 4988 irrationabiliter
1587 4949 1647 5015 quo
1676 4948 1757 4990 sensu
1778 4941 1804 4983 rx
1847 4946 1849 4961 ¹

122 4991 207 5072 cibus
223 4991 310 5064 llegio
325 4998 354 5049 et
368 4993 613 5077 Sangernianeusi
628 4997 706 5078 edita
721 5005 775 5055 ost.
792 5004 828 5056 ili
845 5018 879 5075 eii
894 5004 947 5059 du·
1002 5000 1132 5056 Ratlicrii
1146 5005 1241 5057 niente
1255 5002 1292 5057 sit
1305 5001 1518 5074 accipiendum,
1532 5003 1739 5077 explicavimus
1757 5002 1802 5056 not
1846 4964 1849 5081 i

122 5061 190 5132 plici
207 5066 286 5143 textu
303 5081 393 5119 unuin
408 5065 637 5124 Ratheriuseom
660 5070 860 5151 egit.Vcrbum
874 5074 949 5130 iliam
1000 5074 1054 5128 723
1069 5072 1097 5127 iii
1113 5071 1287 5144 opusculum
1303 5074 1340 5129 De
1351 5075 1463 5147 proprio
1478 5075 1568 5147 inpari.
1847 5084 1849 5133 Ι

123 5137 251 5204 sumpsit
265 5150 298 5189 ex
312 5152 346 5191 ca
370 5177 376 5189 .
393 5136 419 5203 i,
436 5154 510 5194 vers.
527 5140 555 5201 6,
572 5139 621 5194 ubi
637 5085 663 5195 ii
685 5144 745 5196 itur
765 5159 771 5197 :
787 5144 841 5214 Ego
855 5149 948 5202 netem
1038 5144 1129 5214 (7556)
1143 5143 1302 5199 Caniturin
1314 5144 1434 5200 introitu
1446 5145 1632 5204 missaeferiis
1648 5147 1802 5206 sciaena.
1847 5152 1849 5181 ¹

122 5204 194 5285 aolus
225 5205 298 5260 ibam
327 5152 471 5279 aliquoties
495 5211 525 5265 in
548 5155 833 5293 llieraaciemldiebaa
847 5216 945 5287 serim
1002 5218 1031 5272 et
1045 5219 1252 5287 suniptumest
1269 5231 1303 5271 ex
1317 5213 1392 5272 libro
1408 5217 1564 5289 Sapientia
1579 5234 1644 5292 cap.
1661 5210 1803 5288 reveriti
1847 5204 1849 5265 Ξ

123 5273 235 5346 reliqua
263 5291 330 5332 vero
359 5294 392 5333 cx
420 5295 483 5352 cup.
509 5285 536 5349 2,
553 5298 628 5338 vers.
645 5284 670 5347 l,
687 5282 947 5343 ubihabeturzln
1000 5288 1088 5344 6575.

122 5346 296 5428 Pentecosten
309 5348 353 5405 die
367 5352 433 5431 [cato
448 5356 551 5434 noetio,
567 5355 616 5426 pai
631 5357 670 5435 est
692 5358 800 5411 sanctus
824 5373 841 5411 a
864 5360 945 5483 aefici-
1036 5358 1126 5430 ((557)
1142 5357 1304 5415 Construe:
1323 5357 1390 5415 Ciani
1404 5367 1496 5417 autem
1508 5362 1642 5487 pusacio
1658 5364 1718 5436 ipsa
1729 5353 1802 5416 clod·
1847 5338 1849 5421 l

121 5422 561 5550 (ἆᾌιιιιὲἱείὶᾏξέῗῃιῗίῐὲΐὲᾛξῶξιιε
580 5429 741 5550 recit¹a¹i¹¹itur
769 5426 882 5552 aDLuci
897 5445 946 5555 e¹ro
1000 5431 1114 5555 “iffi'‘
1127 5430 1283 5512 conjectare
1296 5429 1417 5503 Spiritus
1435 5430 1512 5515 (vide
1523 5430 1581 5516 ieet
1593 5450 1663 5516 cum
1678 5437 1802 5507 passaw

564 5512 648 5622 force
687 5512 760 5553 oin
812 5514 874 5554 euin
919 5516 934 5557 e
1000 5504 1152 5556 caritatis
1166 5505 1204 5555 sit
1219 5518 1242 5556 si
1287 5518 1347 5570 um,
1357 5504 1436 5576 quod
1452 5520 1519 5575 quis
1529 5503 1673 5578 Spiritum
1688 5504 1803 5562 sanetum

122 5559 317 5644 linquentibus.
335 5561 407 5646 lJide
431 5567 543 5645 tomum
603 5566 763 5624 Bibliorum
793 5585 945 5629 sacrorum
999 5571 1114 5643 habeat)
1130 5571 1222 5630 eodem
1252 5573 1554 5647 praeiudicantem.

120 5631 217 5697 latine
231 5648 374 5695 versionis
388 5639 514 5714 antiqua
529 5637 661 5712 ejusdem
675 5639 708 5698 P.
722 5640 855 5701 sabatier
868 5647 943 5717 part.
