3876 6084
71 323 130 384 ΞΟ(
162 347 165 356 ·
546 329 868 401 custoditionem
892 331 996 394 LIBRI
1020 336 1106 396 SEX.
1124 369 1162 379 -
1177 337 1252 398 tiu.
1274 326 1313 398 ll'.
1714 337 1782 398 202

76 457 182 522 fluxus,
200 458 249 530 qui
264 458 297 513 fit
311 458 340 513 in
352 458 566 517 dormientibus
578 461 641 517 sine
654 462 944 534 culpa,interdumA
961 467 1047 521 subdi
1062 485 1118 523 non
1136 469 1311 542 dedignatus
1319 471 1470 527 siteunela
1478 487 1590 535 creans,
1607 474 1635 524 et
1645 469 1781 525 nutriens

72 544 264 618 vigilantibus
279 547 422 621 contingit
437 565 470 603 ex
486 547 590 621 culpa;
606 549 656 605 sed
668 550 747 606 aliud
763 553 899 624 estquod
957 555 1123 612 Dominus?
1138 557 1171 611 ut
1187 574 1262 630 saepe
1279 558 1430 631 contingit,
1447 565 1480 614 ut
1495 574 1620 631 paupere
1631 562 1712 629 patre
1725 557 1782 613 exi·

72 634 99 689 in
110 635 278 691 dormiente
290 635 331 704 ut,
343 635 423 691 aliud
435 639 511 709 quod
525 638 651 710 uigilans
666 639 733 695 lacit
746 659 751 705 ;
764 640 804 695 ibi
816 646 901 696 natu·
955 648 1058 710 stante,
1075 645 1155 701 dives
1171 646 1209 701 sit
1225 647 1310 702 silius.
1330 648 1403 714 Quid
1420 665 1488 722 rago
1505 649 1533 702 iu
1551 663 1648 703 rerum
1673 649 1780 701 natura

71 723 900 800 raliterplenitudohumorisexpellitur,bieturpiscon·
953 733 1213 790 saciusiutcum
1230 735 1331 792 allide
1357 737 1434 793 sastu
1464 741 1590 809 paterna
1616 732 1780 792 nobilitatis

67 813 253 886 cupisceutia
268 813 441 885 publicatur.
460 838 474 865 a
489 816 528 871 Ne
544 816 634 887 igitur
649 816 751 872 celebs
766 819 898 874 amittere
953 820 1065 877 soleant
1080 824 1240 895 superbire,
1259 831 1289 880 tu
1306 827 1342 881 ad
1357 827 1549 900 ignominiam
1561 825 1603 881 tui
1618 823 1780 897 ipsius,pa·

69 902 216 958 castitatis
231 902 392 975 vilipendas
408 904 530 970 donum,
548 904 639 959 recole
655 905 727 960 illud
751 907 897 978 propbeta

68 991 247 1064 imperium:
264 993 412 1062 Quomodo,
429 993 534 1066 iuquit,
550 995 673 1050 cecidisti
687 994 719 1049 de
733 996 797 1051 cate
815 999 896 1053 Lari-

66 1084 122 1152 ίαν,
139 1083 190 1153 qai
203 1097 285 1136 inane
298 1081 453 1138 oriebaris?
468 1083 534 1154 (troi
547 1101 604 1150 xiv,
622 1084 667 1149 tet
684 1084 712 1139 id
733 1090 778 1140 est
806 1085 896 1157 virgi-

67 1169 169 1227 nitatis
184 1170 340 1242 splendore
355 1171 468 1227 cunctis
484 1172 607 1244 parebas
625 1174 747 1228 decorus
758 1179 786 1228 et
801 1174 894 1229 admi·

65 1258 180 1316 rabilis.
193 1260 355 1314 admiratio
369 1260 448 1314 onim
463 1260 520 1315 ista
535 1278 592 1315 non
609 1266 653 1316 est
663 1278 751 1317 rausa
761 1262 895 1334 ignorau-

64 1348 464 1417 tiae,sednotacatu1nnta:
483 1367 518 1404 ex
542 1350 629 1423 eulpa
656 1351 745 1418 euim,
776 1356 808 1406 ut
830 1353 893 1421 jam

61 1439 207 1505 diximus,
224 1438 378 1510 superbia,
405 1439 525 1494 miseria
553 1439 723 1510 hujusmodi
752 1441 895 1512 contingit

62 1528 156 1583 ruinie
170 1545 177 1595 ;
189 1527 258 1599 quia
270 1525 404 1582 videlicet
414 1543 480 1582 cum
493 1527 748 1583 bisduobusvitiis
759 1528 894 1585 diabolus

63 1615 340 1687 universumgenus
351 1616 750 1687 pereuntium,ruaxime‚imo
761 1617 893 1672 omnimo

952 915 1026 967 trem
1044 918 1112 966 nula
1127 914 1307 986 paupertatis
1318 915 1467 980 adustum,
1477 932 1528 987 per
1538 911 1779 986 plateasdimittis

952 1000 1777 1068 mendicandoincederettuidenimmendieansclamitat,

952 1088 1008 1143 nisi
1024 1093 1051 1144 te
1067 1089 1220 1155 novitium,
1238 1095 1265 1146 te
1280 1095 1477 1163 assumptum,
1495 1096 1522 1148 te
1538 1090 1620 1157 illud,
1631 1090 1709 1162 quod
1725 1101 1783 1147 nu·'

951 1194 1001 1248 per
1016 1178 1052 1232 ab
1068 1177 1113 1233 bis
1129 1178 1278 1234 inventum
1295 1185 1349 1234 est¹
1367 1180 1417 1251 qui
1433 1197 1464 1235 se
1479 1180 1613 1234 homines
1628 1179 1721 1234 lacere
1729 1179 1776 1249 ja·

950 1270 1041 1332 etant,
1059 1267 1086 1320 id
1103 1271 1146 1321 cst
1162 1267 1305 1323 laetitiam
1323 1269 1390 1337 (95),
1407 1272 1434 1323 te
1450 1267 1649 1332 allevatitium,
1666 1270 1693 1321 te
1724 1283 1775 1323 uo-

950 1353 1043 1418 thum,
1056 1356 1249 1427 spuriumque
1264 1357 1526 1413 uernanstrattaut
1542 1355 1565 1413 si
1581 1353 1775 1428 aliquisidvsl

950 1441 1095 1499 mentiens
1111 1444 1330 1516 improperaret,
1347 1463 1444 1501 norrue
1457 1462 1547 1501 carisa
1568 1442 1775 1501 commotionis

949 1531 1008 1585 tuuc
1024 1547 1131 1602 magua
1145 1533 1418 1604 essepotuissetht
1432 1534 1618 1606 bacquidem
1628 1538 1772 1605 quantum

948 1619 983 1673 ad
1001 1619 1151 1674 seculum.
1168 1622 1336 1676 Secundum
1352 1639 1418 1678 vero
1450 1627 1550 1689 Deum,
1575 1638 1642 1677 oum
1667 1621 1773 1694 ipsein

60 1705 110 1761 dis
126 1704 305 1777 supplantet,
323 1703 453 1759 libidinis
477 1704 586 1760 scilieet
613 1709 700 1777 atque
724 1707 867 1778 superbia
885 1725 890 1773 ;
948 1706 1062 1763 Psalmo
1078 1709 1173 1764 dicat:
1191 1712 1288 1766 Beatus
1303 1712 1352 1783 qm'
1367 1711 1498 1780 intellipit
1512 1727 1594 1782 super
1607 1726 1721 1781 egenum
1748 1718 1774 1766 et

60 1813 158 1851 unum
174 1798 272 1849 tamen
289 1794 393 1865 pendet
405 1811 440 1849 cx
455 1794 556 1849 altero.
579 1794 662 1849 Sicut
677 1795 755 1849 onim
779 1813 829 1867 per
840 1813 890 1851 su-
945 1813 1093 1868 paitpcrem
1108 1799 1193 1869 (Paul.
1211 1802 1273 1853 xe2
1290 1817 1295 1865 ;
1313 1816 1499 1871 superquam
1516 1804 1557 1866 tu,
1587 1815 1666 1871 rogo,
1687 1798 1772 1854 intel·

60 1883 195 1956 perbiam
211 1881 272 1937 itur
285 1882 315 1936 in
331 1881 565 1953 prostitutionem
581 1882 723 1947 libidinis,
739 1883 805 1938 ilaa
825 1883 890 1938 libi·
946 1883 1030 1957 liges,
1046 1885 1096 1958 qui
1114 1904 1166 1942 nec
1183 1887 1279 1959 ipsum
1295 1888 1462 1943 mendicum
1478 1887 1644 1943 miserando
1659 1892 1771 1960 patrem

59 1973 133 2028 dine
148 1972 316 2044 pervenitur
330 1971 366 2026 ad
381 1971 521 2026 duritiam
534 1972 651 2038 mentis,
664 1977 701 2039 et,
720 1972 774 2027 bon
792 1972 888 2027 dolori
945 1976 1155 2046 recognoscis?
1171 1976 1234 2039 Cui,
1252 1994 1332 2050 rogo,
1348 1977 1474 2048 porrigis
1489 1976 1770 2048 eleemosynamqui

59 2063 200 2134 usquead
210 2063 409 2131 contemptum
420 2059 673 2128 ruiturCroatoris;
685 2061 890 2118 etitademum
946 2079 999 2118 noc
1015 2064 1109 2136 ipsam
1126 2064 1153 2119 in
1171 2069 1251 2137 patre
1262 2064 1771 2137 agnoscisnaturamilltsiomnibus

58 2150 208 2224 cor,quod
219 2149 269 2204 Dei
281 2149 421 2204 debuerat
434 2166 485 2221 per
496 2148 693 2204 humilitatem
706 2153 793 2221 atquc
804 2167 890 2205 mun·
946 2153 1346 2226 misericordiaimpedenda,
1368 2155 1455 2210 etiam
1483 2172 1500 2209 a
1530 2154 1586 2209 fide
1614 2153 1769 2224 extraneis,

59 2240 167 2295 ditium
184 2255 249 2295 esse
264 2237 418 2309 templum.
437 2238 469 2291 ut
484 2237 695 2292 daemoniorum
718 2255 769 2310 per
787 2255 889 2310 super·
945 2242 1070 2296 maxime
1086 2247 1194 2308 autem,
1209 2248 1242 2298 ut
1257 2244 1298 2298 ait
1312 2242 1478 2314 Apostolus,
1495 2243 1531 2298 ad
1547 2242 1725 2298 domesticos
1735 2243 1770 2298 ss·

57 2330 139 2384 biam
156 2334 245 2399 atque
259 2325 478 2381 immunditiam
495 2324 661 2390 delubrum,
678 2332 715 2393 et,
733 2331 765 2381 ut
792 2327 889 2399 aptius
944 2329 990 2384 dei
1007 2330 1077 2397 (Gal.
1093 2348 1130 2395 vr,
1148 2334 1202 2399 ld),
1220 2332 1288 2402 quid
1305 2331 1361 2397 his,
1379 2332 1429 2403 qui
1446 2330 1605 2386 nonsolum
1617 2331 1769 2386 domestici

59 2419 169 2480 dicam,
180 2415 289 2471 diaboli
302 2415 591 2471 monunrentum.Sic
602 2416 771 2487 enim,qu0d
785 2432 889 2488 negare
944 2417 1022 2483 fidei,
1039 2419 1087 2472 sed
1104 2419 1191 2473 etiam
1208 2420 1360 2474 domestici
1377 2415 1540 2491 sauguinis,
1552 2418 1595 2473 vel
1608 2418 1688 2490 origo
1699 2422 1770 2473 sant

60 2524 118 2562 nou
134 2522 307 2580 possumus,
324 2504 386 2575 ipse
400 2505 433 2559 ad
449 2505 566 2559 beatum
580 2505 634 2559 Job
651 2505 794 2561 Dominus
823 2505 887 2561 ait:
944 2507 1069 2577 generis,
1087 2506 1140 2574 rel,
1158 2508 1234 2562 sicut
1249 2508 1368 2579 quidam
1383 2506 1504 2580 pulchre
1533 2505 1563 2560 in
1588 2506 1768 2563 decachordo

61 2598 116 2652 Sub
128 2597 231 2650 ambra
245 2594 346 2649 dormit
361 2595 391 2647 in
401 2602 500 2649 secreto
513 2594 615 2647 calami
628 2602 653 2648 ct
668 2594 732 2648 locis
752 2593 888 2650 lirrrucuti·
944 2594 1002 2648 ait:
1019 2595 1072 2661 Qui
1088 2596 1150 2649 suis
1167 2595 1337 2667 parentibus
1352 2613 1409 2651 non
1425 2595 1517 2650 desert
1529 2593 1681 2661 bonorem,
1702 2594 1768 2666 qui·

63 2686 191 2753 baetici
217 2701 262 2749 xa,
295 2684 349 2752 tu).
375 2682 447 2737 Care
478 2681 568 2754 igitur
596 2682 764 2754 quicunque
794 2684 888 2737 adbuc
944 2682 1768 2757 buspareropolcrit'?O·rnibusigituraliquiddandum

61 2779 140 2830 tauta
154 2772 300 2828 eastitatis
317 2770 406 2825 tueris
423 2771 619 2843 prerogativa,
648 2788 682 2826 ne
707 2771 765 2826 tuis
777 2772 888 2827 meritis
943 2778 996 2844 est,
1014 2771 1659 2845 patritotumeornnrittendum,ejusdominio
1675 2775 1769 2828 totum

61 2881 121 2920 eam
138 2861 307 2928 tribuendo,
323 2861 393 2915 dum
409 2859 539 2915 declinas
550 2861 714 2930 libidinem,
727 2860 838 2917 incidas
857 2860 887 2917 in
943 2862 1181 2933 mancipandum.
1198 2862 1282 2917 Pater
1298 2857 1395 2934 itaq'ue
1412 2861 1464 2932 sis,
1478 2860 1557 2916 silius
1574 2859 1624 2928 sis,
1647 2860 1770 2932 quilibet

61 2951 214 3006 elationem
226 2968 237 3014 ;
251 2954 280 3004 et
294 2948 363 3003 dum
379 2965 463 3002 caves
479 2948 646 3014 elationem,
660 2950 747 3004 cadas
760 2951 888 3021 segniter
943 2951 1179 3022 consanguineus
1196 2951 1247 3016 sis,
1264 2951 1330 3005 audi
1347 2950 1537 3022 Apostolum:
1551 2950 1770 3017 euisceratam

62 3042 87 3096 ia
101 3040 257 3096 libidinem
275 3055 282 3092 :
299 3036 375 3108 quod
393 3042 423 3091 ut
439 3053 524 3108 agere
538 3037 644 3106 valens,
671 3039 807 3094 timorem
837 3055 885 3111 ge·
940 3039 1561 3104 amicimcdomeeticommcrcramuoabobet,
1578 3039 1659 3108 fidem
1686 3055 1770 3109 raepa-

63 3129 160 3186 hennae
175 3126 270 3183 oculis
286 3141 412 3198 propone
429 3126 545 3193 mentis,
562 3132 590 3181 et
606 3131 638 3181 ut
659 3126 758 3182 clavus
771 3126 884 3182 clavum
939 3132 988 3198 ait,
1005 3137 1031 3185 et
1048 3133 1088 3186 eat
1104 3128 1211 3199 infideli
1225 3128 1344 3183 deterior
1358 3133 1384 3196 (l
1398 3130 1464 3183 Tim.
1481 3145 1507 3194 a,
1523 3130 1561 3197 8).

64 3216 187 3291 expellit,
205 3215 351 3284 itahujus
374 3213 463 3270 timor
485 3213 611 3269 incendii
641 3215 774 3270 ardorem
807 3203 924 3272 iltiustl
1175 3218 1235 3272 Tre.
1253 3217 1539 3272 Vlll.-l)euiduis.

65 3307 185 3379 expellat
198 3303 274 3360 vitii.
291 3303 488 3359 Consideratio
504 3319 620 3375 quoque
636 3309 755 3359 terrenae
778 3304 886 3376 fragili·
976 3310 1021 3363 17-
1035 3307 1130 3362 Vidua
1145 3307 1199 3361 es‘?
1215 3306 1311 3361 llabes
1323 3307 1448 3373 Annam,
1463 3310 1555 3372 tuem,
1571 3311 1604 3362 ut
1620 3306 1661 3361 ita
1680 3305 1766 3361 dixe·

66 3396 128 3451 talis
140 3395 278 3449 timorem
291 3393 415 3447 celrenet
429 3392 574 3447 elationis.
592 3393 758 3447 lt-asstutet
771 3392 807 3447 ab
827 3393 885 3448 cla·
941 3398 1007 3463 rim,
1026 3396 1156 3468 regulam
1175 3396 1248 3467 (Luc.
1267 3412 1297 3460 u,
1314 3396 1369 3460 87).
1387 3394 1467 3458 Quod
1477 3395 1501 3449 si
1511 3393 1698 3449 alitervivcre
1708 3395 1763 3461 vis,

67 3483 150 3539 tionis
164 3497 286 3545 venene,
304 3484 331 3535 ct
345 3497 362 3535 a
376 3479 506 3536 libidinis
522 3479 666 3548 inccndio,
679 3481 885 3550 Christoadju-
939 3486 1006 3540 audi
1023 3483 1213 3557 Apostolum:
1234 3482 1328 3548 Vidua,
1344 3481 1452 3552 inquit,
1468 3496 1530 3553 qooe
1546 3483 1576 3534 in
1590 3480 1693 3535 diliciis
1711 3485 1761 3547 eet,

66 3578 157 3639 rante,
179 3570 329 3635 defensus,
359 3559 474 3642 angelis
494 3569 636 3641 perpetim
661 3570 886 3640 conjucunderis
939 3576 1032 3629 ciuem
1050 3575 1209 3628 mortuaest
1225 3574 1251 3641 (l
1267 3571 1333 3624 Tim.
1354 3587 1381 3637 v,
1396 3569 1433 3638 a).

66 3662 259 3725 consortibus,
274 3658 435 3731 angelicam
454 3658 483 3713 iu
499 3658 584 3713 terris
599 3658 837 3730 quandoquidem
847 3658 887 3713 vi·
1148 3660 1206 3713 Trr.
1224 3658 1269 3714 lX.
1283 3691 1317 3697 -
1333 3660 1369 3713 lte
1383 3657 1546 3725 uirginibus.

63 3756 119 3806 tarn
135 3767 168 3807 es
183 3748 327 3804 imitatus.
977 3752 1019 3805 18.
1035 3748 1122 3818 Virgo
1137 3748 1190 3802 es?
1206 3747 1305 3803 Gaude
1320 3745 1480 3801 iullomino
1496 3744 1688 3812 humiliter,et
1699 3761 1767 3800 cave

239 3836 364 3894 Trr..VI.
381 3867 415 3876 —
431 3837 467 3890 Dc
481 3840 558 3905 ,autre
571 3840 595 3892 et
612 3839 706 3890 matre.
941 3856 977 3895 ne
993 3840 1098 3911 perdas
1112 3853 1185 3901 esse,
1203 3836 1280 3907 quod
1295 3853 1336 3891 es.
1350 3836 1444 3890 clabes
1459 3834 1595 3898 Mariam,
1619 3833 1767 3906 pudicitiae

96 3931 140 3985 15.
157 3928 243 3983 Pater
257 3930 308 3981 aut
319 3930 412 3981 mater
427 3941 458 3981 es
470 3924 484 3980 ‘3
495 3925 639 3980 ltlemento
651 3924 836 3996 disciplinam
859 3928 887 3979 tc
941 3926 1103 4001 speculum,
1121 3924 1296 3997 virginitatis
1314 3924 1441 3985 titulum,
1453 3923 1629 3979 humilitatis
1640 3923 1766 3996 insigne,

61 4018 166 4073 debere
180 4014 292 4080 tibimet
307 4015 349 4071 sic
360 4014 479 4069 monilis
491 4015 660 4085 obtempera
672 4013 887 4084 apostolicis,ut
941 4019 1030 4072 decus
1045 4014 1227 4069 innocentia.
1246 4015 1379 4068 Scrutare
1399 4014 1463 4083 ejus
1488 4012 1645 4080 canticum,
1672 4016 1769 4084 potest

60 4104 153 4161 simul
168 4108 197 4159 et
212 4103 360 4158 interitum
378 4119 479 4156 caveas
504 4102 566 4157 Heli
594 4101 753 4156 sacerdotis
770 4113 776 4171 i
795 4104 807 4157 l
822 4103 886 4170 lteq.
941 4106 1134 4160 tibisut'tieere
1145 4103 1180 4157 ad
1193 4102 1434 4173 compositionem
1443 4119 1568 4155 morum.
1583 4106 1698 4156 intuere
1709 4118 1768 4172 qua

60 4211 92 4258 u,
107 4196 148 4264 4).
163 4194 270 4258 Patres,
284 4191 381 4263 inquit
396 4190 650 4263 Apostolusprolite
664 4190 698 4244 ud
713 4190 887 4245 irccmrdiam
943 4193 1070 4249 maxima
1084 4192 1190 4245 rii-tute
1209 4190 1273 4243 nisa
1288 4194 1332 4244 est
1346 4188 1405 4253 illa,
1420 4194 1454 4242 ut
1474 4190 1563 4260 buJ'us
1583 4193 1643 4243 tam
1660 4187 1767 4243 excelsi
1858 4185 1862 4191 ’

55 4297 209 4356 ρτοιιοεανο
221 4281 295 4351 filice
309 4285 420 4348 vestroe,
446 4283 476 4333 ut
490 4295 544 4334 rien
571 4279 674 4349 pusillo
701 4280 793 4334 animo
819 4280 889 4349 fiant
943 4286 971 4338 et
985 4279 1132 4345 sublimis,
1151 4278 1222 4333 nulli
1240 4282 1315 4348 post,
1328 4294 1380 4331 uec
1391 4281 1476 4331 antea
1489 4276 1619 4332 concessi
1636 4275 1767 4331 muneris

60 4373 170 4446 (Epitcs
184 4387 222 4439 vr,
238 4370 276 4440 t).
944 4369 1083 4425 meruerit
1093 4367 1282 4440 praerogativa
1292 4366 1388 4433 ditari,
1404 4366 1674 4436 elstudequautum
1686 4370 1768 4436 potes

309 4459 370 4513 Trr.
387 4457 446 4512 Vll.
462 4487 494 4496 -
510 4457 637 4526 Deditis.
943 4465 971 4514 et
986 4464 1016 4512 tu
1033 4474 1096 4512 caui
1112 4456 1241 4510 imitari:
1260 4454 1335 4526 quod
1354 4458 1384 4506 ut
1399 4453 1539 4524 querenti
1551 4453 1602 4506 tibi
1620 4451 1703 4507 tacite
1718 4468 1767 4507 oo·

98 4551 145 4606 16.
162 4546 251 4603 Filius
265 4546 309 4602 rel
324 4545 384 4602 filia
399 4550 454 4602 es?
476 4546 619 4601 Memento
646 4548 674 4599 te
699 4547 888 4601 reverentiam
904 4569 927 4632 D
943 4551 1050 4614 currat,
1068 4545 1242 4613 interrogata
1257 4541 1408 4596 humiliter
1431 4540 1495 4612 ipsa
1519 4540 1691 4612 respondeat
1720 4556 1767 4594 sa-

58 4641 168 4697 deberc
180 4637 370 4710 parentibus;
387 4635 536 4707 ipseenim
554 4634 728 4706 Unigenitus
755 4635 804 4706 qui
830 4652 887 4689 neu
944 4637 1066 4708 pienter,
1083 4635 1153 4702 Quia
1164 4629 1449 4702 respe.eit,inquienS‚
1463 4628 1769 4686 litimililotcmariciltae

59 4747 95 4785 ex
110 4729 160 4783 et
180 4731 295 4798 peccato
311 4730 344 4779 ut
359 4729 400 4792 tu,
413 4725 464 4780 sed
480 4741 514 4778 ex
525 4723 632 4794 Spiritu
658 4729 758 4778 sancto
787 4741 887 4778 rouce-
941 4725 1088 4796 arrectiac.
1106 4740 1124 4788 1,
1143 4722 1176 4774 lt
1188 4721 1207 4791 l,
1226 4720 1296 4774 Ecce
1312 4736 1409 4789 eausa,
1426 4734 1494 4773 uam
1506 4722 1534 4774 et
1547 4716 1601 4773 hoc
1618 4717 1694 4773 idem
1702 4719 1767 4789 jam

60 4824 144 4891 ptus,
159 4817 195 4872 de
209 4814 328 4887 Virgine
343 4818 482 4868 natusest
494 4831 499 4880 ;
516 4817 669 4884 postquam
682 4812 711 4866 in
728 4813 835 4883 templo
847 4814 889 4866 iu·
943 4813 1013 4869 olim
1027 4811 1200 4883 promiserat
1211 4825 1261 4879 per
1272 4807 1440 4878 prophetam
1455 4825 1461 4861 z
1474 4806 1513 4861 dd
1523 4822 1602 4877 qitcm
1613 4807 1769 4875 respiciam,

57 4911 177 4973 ventus,
196 4908 341 4977 parentes,
357 4902 385 4957 id
400 4907 445 4958 est
459 4906 581 4956 matrem
607 4899 768 4972 Virginem,
794 4905 821 4955 et
835 4918 888 4954 nu·
944 4901 1090 4973 inquiens
1107 4900 1162 4953 m'si
1177 4898 1210 4952 rid
1225 4896 1357 4950 hamilem
1369 4899 1393 4949 et
1409 4897 1532 4966 quictem
1559 4898 1584 4949 ct
1610 4897 1769 4949 trementem

59 4994 179 5052 tritium
195 4989 889 5061 castissimum,elideopatremnominatum,de
944 5006 1078 5048 sermones
1089 4986 1271 5055 irieos‘itliei.
1289 5001 1363 5047 axvr,
1378 4984 1522 5051 2.)Tota
1551 4982 1649 5054 itaque
1680 4998 1769 5038 causa

60 5083 228 5140 divinitatis
244 5099 303 5137 suae
319 5080 529 5154 patenamque
544 5094 609 5132 cum
624 5077 706 5132 Patre
717 5078 816 5132 omnia
826 5096 890 5150 pos·
946 5076 1115 5152 perditionis
1132 5078 1237 5128 nostrae
1248 5072 1394 5143 superbia,
1407 5076 1467 5127 tota
1478 5070 1706 5143 recuperationis
1717 5070 1767 5126 (32

60 5173 167 5230 sidens
182 5169 335 5233 inhabitat,
352 5167 531 5223 edocuisset:
547 5170 576 5221 et
590 5165 632 5218 illi
648 5183 705 5220 non
730 5165 891 5222 intellexis·
946 5167 1108 5225 humilitas.
1124 5161 1280 5218 Humilitns
1296 5165 1390 5215 neuter
1405 5161 1556 5224 virtutum,
1580 5176 1696 5214 morum
1726 5163 1770 5214 est

60 5265 143 5323 sent,
159 5258 308 5323 Descendit,
324 5256 420 5329 inquit
434 5253 622 5327 evangelista,
637 5271 699 5308 cum
714 5255 762 5322 eis,
778 5257 893 5311 eivenit
946 5255 1078 5312 omnium
1096 5255 1319 5316 ornamentum;
1337 5249 1400 5304 sine
1415 5249 1469 5305 bac
1484 5250 1577 5305 virtus
1588 5247 1669 5304 nulla
1681 5265 1688 5315 ;
1701 5248 1768 5303 abs·

59 5348 214 5418 rtaaorelb,
229 5354 254 5404 et
269 5350 328 5402 ccci
340 5344 464 5401 sabditos
478 5344 535 5399 illie
546 5345 622 5411 (Lice.
639 5360 668 5410 a,
683 5343 740 5411 51).
753 5346 809 5397 Cur
823 5359 890 5416 ergo
946 5361 1001 5420 que
1017 5361 1050 5400 ea
1064 5357 1166 5397 omues
1180 5339 1303 5393 uirtutes
1316 5355 1372 5423 non
1388 5338 1509 5394 virtutes
1526 5343 1605 5404 sunt,
1626 5337 1675 5393 sed
1687 5335 1767 5391 vitia.

61 5445 98 5498 tu
115 5434 283 5510 dedigneris
297 5433 385 5491 subdi
398 5433 650 5505 parentibus,oum
661 5435 690 5487 et
706 5430 827 5487 nutritio
837 5448 891 5489 suo
946 5433 1074 5505 Denique
1090 5428 1203 5503 protero
1218 5425 1338 5482 tibitres
1354 5445 1412 5482 uno
1428 5428 1538 5496 ordine,
1551 5429 1586 5484 de
1596 5426 1768 5499 quibusnon

99 5544 160 5620 (95)
178 5541 260 5615 vulg.
275 5541 413 5613 fetidam,
428 5537 520 5622 male.¹
531 5539 664 5595 Factitiae
680 5536 729 5595 ille
753 5536 890 5615 intelligi·
946 5544 1000 5602 tius
1014 5537 1097 5596 valdo
1112 5550 1215 5603 novus,
1231 5541 1395 5660 assumptas,
1412 5535 1590 5612 albocuriae,
1617 5533 1647 5593 id
1673 5534 1722 5591 est
1734 5529 1770 5588 de

58 5621 125 5692 tur.
140 5613 194 5699 qul
208 5612 320 5677 acuar
332 5613 427 5670 laetus
438 5614 482 5667 ist
493 5611 584 5668 dri-es.
594 5609 703 5670 sotem
715 5623 802 5669 sensu
813 5613 891 5672 noct·
945 5612 1115 5692 paupertate
1128 5607 1266 5682 sumptus
1276 5608 1310 5663 ,et
1333 5609 1444 5666 aretur.

228 5739 359 5810 Pauor.
382 5736 542 5808 cxxxvi.
1592 5732 1610 5798 'l
