3876 6084
192 290 250 357 stt
653 278 842 355 aasabim
864 279 987 347 RPlSC.
1009 279 1155 345 venus.
1177 279 1266 346 OPP.
1289 280 1390 346 PARS
1411 279 1437 346 l·
1839 279 1902 351 8³2

189 424 290 501 spargi
305 441 357 500 per
370 425 477 482 cuncta
489 417 728 481 monasteriilcca
741 416 1017 490 etsieomnispavor
1029 418 1058 486 Α
1072 414 1199 475 Obsecro
1214 419 1247 473 ut
1275 413 1383 490 rogetis
1407 413 1492 472 illum
1517 412 1554 473 ad
1579 432 1627 474 me
1649 412 1758 475 uentre:
1783 413 1900 476 confido

165 504 169 511 ¹
192 534 261 575 cum
275 520 394 575 auctore
407 530 462 571 suo
476 511 620 570 abscessit
633 513 749 566 Setaea
1072 504 1148 562 enim
1166 505 1275 573 iubeo,
1292 522 1339 561 me
1362 504 1550 563 revalituram
1571 507 1756 580 quantocius,
1782 506 1808 562 si
1831 524 1902 565 eum

226 609 254 663 7.
267 604 331 665 Alio
344 620 461 678 quoque
475 605 605 674 tempure
620 599 708 656 ducta
723 601 767 655 est
783 596 818 652 ad
834 613 901 652 eum
920 594 1018 669 puella
1070 594 1170 650 videre
1185 610 1330 651 meruero.
1346 594 1429 659 Quod
1445 611 1512 650 cum
1528 595 1612 652 beato
1626 594 1688 651 viro
1703 594 1809 652 luisset
1829 595 1903 651 inti·

185 687 748 770 ·quadsmsecularis,plenadamonio,
762 682 1018 758 quamjussitsibi
1071 688 1195 752 mutum,
1212 684 1324 757 ubsque
1339 700 1421 739 mora
1445 683 1481 740 ad
1506 682 1589 741 illam
1613 683 1747 741 accessit:
1771 700 1903 757 cumque

191 786 222 843 in
237 783 398 843 oratorium
412 778 528 843 deferri.
543 778 604 843 Ouo
620 777 707 845 lacto,
719 776 856 848 praecepit
874 790 939 830 eam
954 772 1017 829 vin·
1071 772 1197 830 intuitus
1211 790 1276 829 eum
1292 773 1406 841 luisset,
1423 771 1534 830 elevata
1553 790 1642 830 manu
1657 773 1776 846 signum
1802 774 1903 832 crucis

191 874 266 932 culis
291 873 399 946 quibus
427 867 629 943 stringebatur
657 865 779 922 absolvi:
808 868 927 936 etpost
955 862 1016 919 hac
1070 865 1311 935 supcraegrotam
1327 861 1405 933 lecit,
1421 860 1541 918 stillico
1566 862 1666 935 iugata
1689 861 1768 918 febre
1793 862 1904 919 mulier

189 961 343 1036 ooepitDei
359 959 620 1034 potentiamauper
643 959 731 1027 caput
753 952 847 1027 ipsius
871 952 1014 1020 invocare,
1071 949 1228 1019 convaluit,
1263 950 1414 1023 vitamque
1451 951 1506 1007 sibi
1535 950 1635 1008 alteo
1664 967 1715 1024 per
1750 952 1902 1009 interven·

189 1052 348 1126 ipsumque
363 1051 526 1106 demonem
542 1049 575 1101 ut
589 1062 606 1101 a
620 1040 887 1117 plasmatelieivivi
905 1040 1017 1097 recede·
1070 1043 1134 1097 tum
1150 1039 1244 1098 sancti
1261 1039 1314 1095 viri
1323 1038 1468 1097 redditam
1476 1040 1639 1114 saepissime
1649 1039 1750 1097 multia
1761 1040 1829 1115 ipsa
1837 1058 1906 1098 nar

190 1145 234 1198 ret
247 1134 571 1212 increparellirumin
587 1131 807 1189 modumhostis
817 1129 1014 1202 illeantiquae
1070 1128 1154 1185 ravit.

190 1228 277 1302 capit
289 1226 430 1285 contiuuo
444 1222 557 1281 anxiari
573 1227 602 1278 et
616 1221 750 1286 tremere,
770 1219 959 1291 diversusque
980 1234 1014 1272 ac
1107 1219 1150 1274 10.
1167 1217 1311 1275 Posthac
1326 1219 1426 1291 itaque
1439 1218 1614 1275 venerabilis
1629 1218 1758 1292 pontifex
1774 1236 1902 1278 cernens

191 1317 271 1374 diras
285 1332 370 1373 voces
385 1314 529 1372 emittere.
544 1314 744 1367 Sanetuavcro
754 1307 913 1364 Ursmarus
924 1305 1016 1378 jussit
1070 1306 1212 1381 paulatim
1229 1307 1285 1364 sibi
1300 1307 1376 1364 vires
1391 1308 1522 1381 corporis
1546 1307 1650 1378 minui,
1675 1324 1796 1381 suaeque
1819 1308 1901 1366 diem

190 1410 353 1477 ementes
378 1400 539 1461 oratorium
569 1398 656 1466 trahi,
686 1398 807 1471 ipseque
830 1396 1015 1469 subsequens
1069 1395 1230 1453 vocationis
1245 1396 1409 1465 imminere,
1424 1413 1524 1454 euram
1540 1398 1628 1471 coepit
1643 1414 1700 1454 non
1712 1414 1835 1471 parvam
1850 1414 1901 1472 ge·

182 1494 337 1569 -paccussit
348 1508 414 1557 eum
430 1491 525 1547 tribus
535 1488 648 1545 vicibus
664 1485 767 1543 baculo
782 1502 870 1560 quem
881 1483 1015 1559 gestabat
1070 1502 1143 1553 rere,
1155 1502 1191 1542 ne
1219 1502 1290 1558 grex
1304 1485 1359 1541 sibi
1389 1485 1566 1543 commissus
1590 1485 1809 1559 relinqueretur
1831 1485 1899 1545 ains

190 1582 337 1641 menibus.
354 1583 430 1641 Tum
446 1577 567 1652 spiritus
582 1592 708 1650 nequam
724 1574 793 1631 eniit
801 1575 838 1630 ab
852 1590 887 1630 ea
900 1578 961 1629 tam
970 1589 1015 1629 ce·
1069 1579 1194 1646 pastore.
1211 1575 1304 1639 Tunc,
1321 1579 1468 1631 annuente
1492 1576 1559 1643 lieo,
1585 1575 1755 1648 optantibus
1782 1577 1899 1633 cunctis

188 1669 476 1743 lesitemcsiipse
504 1666 609 1724 inisset
635 1681 803 1739 percussus.
833 1664 927 1729 Quam
947 1679 1014 1719 mox
1069 1664 1098 1719 S.
1115 1663 1253 1720 llrminus
1267 1662 1386 1737 eligitur
1398 1663 1441 1719 vir
1456 1664 1536 1720 omni
1553 1663 1682 1721 bonitate
1696 1664 1840 1737 repletus,
1853 1669 1899 1722 st·

182 1762 293 1833 beatus
308 1759 438 1834 pontifex
452 1755 642 1815 sanissimam
656 1753 782 1811 oratorio
799 1752 936 1820 reddidit,
948 1768 1012 1823 per·
1068 1769 1126 1825 que
1138 1752 1280 1826 magistro
1296 1752 1428 1811 moribus
1452 1753 1662 1827 adaquandum
1688 1753 1806 1811 cunctis
1828 1770 1897 1814 vere

189 1865 364 1924 urgensque
373 1847 439 1904 cleu
455 1845 618 1912 benedicto,
632 1842 754 1900 liberum
769 1841 850 1898 abire
868 1839 1011 1913 permisit.
1069 1840 1572 1915 istiustemporishominibustacito
1586 1841 1897 1916 preferendusouem

224 1943 252 1997 8.
268 1938 401 1995 Habebat
415 1939 535 1993 sanatus
550 1931 680 2006 pontitea
694 1935 810 2003 neptem
825 1930 922 2001 injem
936 1928 1013 1984 dieto
1068 1930 1214 2004 benignus
1228 1931 1312 1985 Pater
1326 1929 1457 1986 utfiliam
1468 1929 1675 1987 charissimum
1687 1931 1896 1991 monuitsms·

190 2025 369 2087 momterio
384 2022 587 2091 Meibadiansi,
601 2037 689 2094 quam
703 2019 766 2094 ipse
776 2018 925 2092 parvulam
936 2034 1013 2074 com·
1069 2019 1176 2087 biliter,
1192 2025 1338 2092 quatenus
1353 2035 1471 2093 gregem
1487 2019 1544 2076 sibi
1559 2020 1753 2078 commissum
1768 2020 1895 2079 sollicite

190 2106 1014 2184 mandaueratssuctaedldegnndi.0uaepostquamluisset
1068 2112 1208 2180 pasceret,
1225 2107 1357 2164 moribus
1371 2113 1399 2165 et
1411 2108 1508 2165 serbis
1523 2125 1623 2165 secum
1634 2109 1792 2169 adelbera
1801 2112 1896 2169 traua·

184 2207 299 2274 adulta,
315 2208 380 2263 ceta
392 2206 439 2262 eat
451 2202 584 2274 quadam
599 2199 629 2256 in
648 2200 714 2270 eius
729 2197 803 2255 collo
825 2213 902 2253 aava
924 2194 1012 2251 nimie
1068 2196 1143 2253 forre
1158 2196 1399 2270 satageret.0ucd
1411 2197 1895 2274 ipecugcndurnsuacepitquidem

187 2297 357 2363 iufirmitas
370 2310 435 2367 que
450 2286 786 2366 gutteria(t12)dicitur
800 2301 934 2343 sermone
949 2283 1013 2340 Gal·
1068 2286 1198 2351 moleste,
1215 2287 1265 2343 sed
1283 2292 1338 2342 Deo
1354 2292 1538 2358 cooperante,
1553 2291 1671 2345 strenue
1695 2289 1826 2361 peregit:
1851 2289 1895 2345 in·

186 2386 255 2444 lice.
276 2382 454 2443 Astruenbat
480 2396 548 2436 uero
575 2377 690 2446 medici,
708 2376 785 2450 quod
808 2374 893 2431 alitcr
916 2373 1011 2430 curari
1066 2374 1182 2431 choavit
1195 2374 1356 2443 humiliter,
1369 2375 1420 2431 sed
1436 2375 1630 2449 perseveravit
1643 2375 1780 2434 tideliter.
1795 2377 1895 2437 Bonus

187 2475 333 2549 nequiret,
349 2471 408 2529 nui
421 2484 510 2527 carne
522 2467 694 2526 incisacnm
705 2465 812 2522 uncino
825 2464 917 2520 ferreo
934 2463 1012 2519 toras
1067 2464 1157 2537 igitur
1171 2462 1269 2538 gregis
1284 2462 1393 2520 Christi
1409 2468 1510 2537 pastor
1524 2464 1692 2536 Ursmurus,
1718 2465 1897 2526 moribuset

134 2602 138 2607 -
185 2565 311 2629 morbus
324 2559 571 2619 trahereturelloc
585 2560 685 2615 autam
701 2554 760 2611 illia
774 2555 868 2611 lacere
883 2552 1012 2627 cogitur·
1067 2553 1152 2610 annis
1168 2558 1313 2621 maturus,
1329 2553 1420 2626 digna
1429 2558 1622 2627 suscepturus
1638 2555 1896 2631 meritorumpra·

187 2654 279 2720 usna,
288 2650 422 2723 contigit,
433 2645 763 2722 surpervenircsanctum
774 2641 1013 2713 Dominipontill·
1066 2642 1136 2711 mia,
1153 2641 1282 2698 coeleatia
1297 2641 1438 2698 invitatur
1452 2642 1488 2699 ad
1500 2659 1598 2717 regna.
1615 2643 1668 2708 Oui
1679 2643 1821 2718 precihus
1831 2644 1898 2703 cha·

188 2757 262 2799 cem:
277 2739 330 2813 qui
345 2736 486 2795 amerdto
500 2736 538 2792 ad
551 2751 585 2792 se
598 2731 712 2790 medico
737 2730 927 2804 interrogavit
943 2746 1010 2787 eum
1066 2730 1641 2804 riasimorumquosintibristonutrierat
1653 2731 1796 2803 illiorum,
1806 2750 1895 2797 suum

188 2829 300 2886 diceus:
315 2827 367 2887 Dic
381 2824 454 2882 mibi
473 2827 611 2881 utrumne
633 2819 731 2878 valeas
757 2835 860 2877 sanare
884 2835 959 2877 eam.
975 2820 1012 2875 At
1066 2818 1144 2876 tideli
1160 2819 1286 2877 Creatori
1303 2820 1514 2877 commendans
1529 2819 1677 2895 spiritum,
1685 2820 1762 2896 ipsis
1770 2838 1900 2897 preecc-

187 2916 237 2974 illa
248 2916 300 2977 ait:
316 2916 444 2988 Nequeo,
459 2910 711 2970 nisicumuncino
727 2906 1012 2965 terreocarneincise
1065 2909 1147 2967 tibus
1161 2908 1313 2966 exsultans
1327 2908 1357 2966 in
1386 2910 1521 2980 Domino,
1547 2909 1645 2970 carnis
1670 2912 1892 2985 quartodecimo

185 3005 326 3063 morbum
340 3004 420 3060 toras
434 3001 561 3058 trabam.
577 2998 706 3056 Audiens
715 3001 814 3057 autem
824 2995 868 3052 vir
876 2996 928 3053 liei
944 2996 1009 3062 hcc,
1065 2996 1210 3054 Kalendas
1226 2997 1294 3057 Maii
1309 3015 1357 3055 an.
1372 2999 1426 3055 713
1441 2998 1564 3056 solvitur
1575 3000 1736 3074 ergastulo,
1758 3001 1892 3061 victm

180 3093 320 3153 «amrium
333 3093 427 3150 lacem
442 3087 626 3164 prohibebat,
635 3085 705 3160 qaia
718 3085 897 3159 oppidbeam
911 3083 1011 3157 dilige·
1064 3087 1094 3142 in
1110 3085 1217 3143 secula
1229 3103 1299 3143 cum
1315 3086 1751 3162 Christeitngelorumeuectus
1763 3090 1899 3149 miniate-

179 3185 248 3254 ut,
259 3187 294 3242 st
306 3178 505 3257 periculcmm
519 3176 736 3235 hocvaldeesse
745 3174 891 3233 cernebat.
902 3174 1010 3230 Verum
1025 3160 1048 3229 C
1066 3175 1120 3244 rio,
1136 3175 1246 3233 celesti
1257 3175 1383 3234 infertur
1396 3175 1543 3251 paradiso,
1560 3177 1610 3234 ubi
1621 3177 1686 3235 sine
1695 3178 1757 3238 dne
1770 3180 1905 3254 patuer-

182 3274 341 3347 u'mppueus
356 3285 478 3327 menum
491 3267 602 3340 sepius
615 3265 662 3322 die
676 3262 727 3322 illa
737 3280 827 3337 super
840 3263 939 3337 ipsum
949 3262 1011 3321 vul·
1059 3265 1188 3322 aliarum
1201 3265 1310 3322 fruitur
1325 3265 1391 3334 fide,
1399 3266 1606 3339 prophetarum
1614 3282 1675 3340 spe,
1687 3267 1904 3343 apostolorum

185 3360 265 3418 neris
279 3359 388 3425 locum,
414 3355 637 3426 dicebas-Vide,
661 3352 733 3421 illie,
758 3369 795 3410 ne
810 3352 932 3426 patiaris
955 3352 1010 3423 tibi
1065 3370 1217 3423 consessu,
1230 3357 1393 3428 martyrum
1407 3353 1540 3429 collegio,
1556 3355 1761 3415 confessorum
1784 3374 1823 3417 ac
1835 3358 1912 3416 air-

182 3449 297 3507 tenum
323 3445 447 3522 imponi;
472 3445 559 3504 orsio
582 3443 663 3502 enirn
687 3441 718 3498 in
746 3440 863 3499 Domini
890 3441 1009 3517 pietate,
1064 3441 1166 3515 ginum
1195 3443 1395 3509 contubernio,
1424 3448 1657 3519 sanatorumque
1691 3444 1919 3505 caliculum

183 3538 255 3614 quia
268 3537 332 3612 ipse
344 3539 376 3594 te
390 3534 528 3592 liberabit
541 3534 577 3592 eb
592 3532 648 3590 hee
663 3531 843 3589 infirmitate.
862 3530 950 3589 Nocte
965 3549 1010 3588 ve·
1063 3529 1226 3588 oblectatur
1240 3531 1360 3605 perenni
1385 3531 1523 3606 tripudio.
1549 3532 1662 3607 Corpus
1685 3550 1758 3595 vero
1782 3534 1866 3595 illius
1878 3551 1924 3593 ι

182 3627 335 3685 accadens
350 3627 395 3682 uir
414 3628 536 3689 sadus
564 3622 730 3680 uberrimas
758 3637 861 3695 preces
881 3620 959 3679 ludit
972 3621 1009 3678 ad
1063 3619 1217 3693 discipulis
1229 3620 1686 3695 religiosocompositumolllcio,
1695 3622 1782 3682 cultu
1793 3625 1926 3685 muo-

181 3715 345 3773 ¹llomiuum
354 3714 396 3769 ob
422 3713 489 3785 ejus
509 3710 651 3768 salutm.
681 3710 858 3767 lucescente
877 3726 944 3768 vero
962 3709 1011 3767 die
1065 3709 1185 3766 norifico
1201 3709 1390 3767 tumulatum.
1406 3711 1438 3767 lu
1461 3710 1613 3769 cacumine
1636 3710 1748 3786 quippe
1770 3714 1922 3781 monus,

179 3804 287 3871 alters,
315 3819 334 3860 a
362 3805 455 3858 strato
482 3812 585 3873 sospes
614 3798 741 3856 surrexit
775 3798 882 3872 puella,
911 3798 1009 3856 intau-
1064 3797 1149 3869 errius
1164 3797 1313 3855 radicibus
1324 3798 1388 3870 jnm
1403 3803 1584 3857 exstructum
1604 3799 1720 3873 adjacet
1741 3807 1920 3863 ωοωίο-

181 3895 250 3948 tum
265 3893 298 3947 ut
310 3905 365 3947 uec
377 3887 535 3962 vestigium
548 3885 729 3943 indimitatia
742 3888 905 3943 remaneret
919 3885 949 3941 in
962 3902 1009 3943 ea.
1063 3887 1152 3954 rium,
1168 3887 1328 3944 oratorium
1344 3891 1389 3945 est
1399 3887 1430 3945 in
1439 3887 1549 3946 honore
1557 3888 1723 3949 smolensi
1736 3890 1916 3953 Genitrieis

220 3980 248 4047 9·
262 3978 370 4038 Rodum
385 3979 645 4049 ecoqaeunpore
659 3971 1008 4047 aliaagrotaintraeJ'us-
1063 3979 1275 4044 constructum,
1297 3974 1327 4032 in
1344 3993 1402 4049 quo
1428 3976 1630 4050 deposuerunt
1654 3977 1736 4037 beati
1760 3978 1912 4056 corporis

184 4067 343 4125 domm
358 4064 532 4125 monasterii
546 4066 631 4136 septa
639 4061 759 4135 jacebat
770 4066 831 4117 mm
846 4061 942 4118 ualido
949 4061 1010 4118 lan
1063 4063 1245 4121 thesaurum:
1262 4064 1312 4121 ubi
1330 4064 1428 4122 divim
1442 4065 1537 4139 pietas
1551 4067 1736 4126 demonstrat
1747 4068 1902 4143 quotidie,

184 4172 275 4232 guare
288 4156 564 4221 ebussamuprues
578 4151 701 4225 quicum
707 4149 852 4219 ridebant,
868 4149 1009 4209 desolate
1063 4153 1149 4225 ouius
1164 4151 1261 4209 meriti
1276 4151 1336 4209 illie
1350 4151 1516 4212 habeantur
1529 4154 1659 4229 reliquia
1671 4157 1711 4214 sd
1726 4155 1848 4217 landem
1870 4160 1899 4214 ct

183 4243 600 4320 ejusprcrsusdesparcoeat.
615 4241 684 4308 oua
698 4255 766 4297 cum
780 4238 914 4297 audisset
933 4239 1008 4297 tanti
1062 4240 1187 4316 gloriam
1203 4241 1656 4316 majestatiasuemujushonor,
1669 4245 1891 4322 decasetpcte
1935 4296 1937 4301 .

183 4335 238 4393 viri
247 4335 424 4402 macutum,
437 4333 526 4407 ample
539 4331 658 4398 sbtute,
680 4346 740 4403 qua
763 4332 877 4402 poterat
901 4329 1007 4387 dicere:
1064 4333 1126 4389 stae
1140 4335 1293 4404 permanet
1307 4330 1370 4389 aine
1384 4331 1453 4389 llus.
1467 4334 1570 4393 Amen.

189 4514 294 4615 '‘lllt)
307 4539 439 4605 macac,
456 4552 518 4622 seu,
532 4536 568 4593 ut
583 4532 632 4594 alii
655 4549 722 4592 cum
736 4534 852 4592 Ausone
871 4532 1015 4604 scribunt,
1032 4536 1182 4605 Gruttcrta,
1198 4536 1319 4596 morbus
1334 4537 1475 4612 gutturis,
1489 4539 1525 4596 de
1549 4554 1607 4615 quo
1621 4538 1688 4599 vids
1702 4539 1838 4617 &udum
1849 4536 1871 4594 ir

184 4610 343 4680 Glosserio,
358 4627 386 4677 v,
399 4609 524 4667 muria
535 4611 564 4666 2.
