3876 6084
105 284 167 355 sis
586 262 828 350 erueremur
844 276 1120 353 capuanensis
1142 277 1331 342 sorssors
1763 264 1851 341 oso·

109 424 284 494 sequuntur.
300 420 352 478 Hie
367 421 440 478 iides
460 438 520 478 nou
543 419 624 478 rudis
649 420 698 476 sed
714 419 867 483 natusest,
885 413 936 471 ubi
950 412 979 491 A
992 419 1027 472 ut
1038 431 1100 484 vos,
1114 412 1139 469 si
1155 412 1285 470 meahoc
1295 412 1549 482 stultitielooeret,
1560 412 1822 486 conservatosspe-

109 511 199 570 iidem
215 526 303 582 opera
321 527 379 567 non
401 510 589 578 comitantur,
606 509 657 565 sed
673 507 756 580 quasi
781 524 839 577 prm
855 508 936 560 vetu-
991 521 1097 577 rerem,
1119 504 1169 563 sed
1190 503 1283 560 voluit
1306 503 1414 562 habere
1439 520 1497 576 prae
1522 504 1662 560 menibus
1687 504 1766 576 quod
1790 504 1820 560 iu

110 603 195 668 stete,
209 603 245 657 ut
262 598 352 657 vestis
373 604 550 673 contempto,
567 597 773 654 contemnitur.
791 595 845 651 Sed
861 594 937 649 bano
991 594 1107 653 laudem
1123 610 1208 650 suum
1224 597 1253 650 et
1267 593 1478 653 contumeliam
1499 598 1634 650 nostram
1656 594 1823 651 estenderet

111 688 380 763 synodumiuetam
395 705 459 745 esse
472 687 504 744 in
518 687 644 745 Saxonis
659 690 736 743 certo
752 684 821 751 soie,
834 684 863 739 iu
879 700 938 756 qua
993 685 1101 741 futuris
1116 683 1309 757 temporibus.

112 780 271 836 tractatum
287 782 332 836 est
347 782 375 834 et
390 778 551 843 tirmatum,
568 777 719 833 decentius
743 775 863 832 ensibus
888 791 939 846 pu·
1029 777 1073 831 26.
1085 774 1138 833 Cui
1158 773 1281 846 inquom
1298 789 1332 828 :«
1345 774 1445 845 Nuper
1462 773 1672 830 sanctissimus
1687 773 1824 831 dominos

113 883 204 942 gnare
218 884 308 940 quam
322 866 453 936 calamis,
466 871 496 924 et
509 867 592 940 prius
613 868 736 922 mortem
755 864 835 921 obire
850 879 938 936 quam
994 880 1089 932 meus,
1106 868 1138 920 ut
1152 867 1197 920 est
1210 863 1449 937 sapientissimus
1469 867 1497 918 et
1519 862 1625 936 spiritu
1641 862 1692 920 Dei
1705 863 1823 937 plenus,

114 955 249 1016 hostibus
265 961 347 1029 terge
369 957 448 1012 dare.
460 955 542 1022 Quod
559 953 603 1009 vel
620 959 689 1010 tuus
702 954 845 1011 exereitus
857 967 940 1025 expe·
994 955 1056 1012 baee
1080 971 1265 1027 prenoscens
1294 970 1358 1025 que
1387 952 1558 1022 asseriano
1577 953 1736 1022 terminos,
1752 969 1824 1027 quos

114 1045 205 1107 riturl
221 1045 253 1103 ln
264 1046 356 1103 eorde
371 1063 436 1102 meo
457 1044 517 1101 dixi
529 1063 538 1100 :
550 1048 578 1100 et
592 1060 681 1116 quam
706 1043 767 1099 sint
780 1059 939 1116 pugnaees,
996 1043 1148 1101 constituit
1161 1041 1243 1111 mibi,
1253 1043 1634 1114 transcenderem,tvretm,
1647 1043 1677 1098 id
1692 1047 1740 1099 est
1755 1060 1824 1116 pre·

115 1151 148 1193 re
161 1135 227 1209 ipae
240 1135 407 1208 experiatur
420 1135 426 1190 t
440 1158 454 1185 u
813 1166 831 1197 a
996 1138 1124 1206 ceptum,
1138 1131 1321 1204 conseripsit,
1330 1132 1408 1204 quod
1424 1130 1561 1205 etsigillo
1570 1133 1703 1206 signavit
1715 1148 1781 1203 sue,
1792 1149 1826 1189 ne

148 1226 196 1281 23.
211 1224 320 1282 Verum
334 1225 390 1282 bae
410 1225 512 1281 cadem
528 1224 585 1292 die,
602 1226 668 1296 post
690 1222 854 1289 meridiem,
871 1222 941 1279 odeo
997 1239 1082 1279 secus
1098 1223 1233 1279 facerem.
1245 1244 1259 1272 u
1270 1222 1344 1290 Scis,
1361 1221 1479 1277 domine
1501 1222 1543 1277 mi
1565 1225 1704 1294 auguste,
1725 1222 1825 1295 quaid

116 1312 308 1385 impotentem
322 1317 352 1369 et
365 1313 607 1386 uansuguratnm
618 1328 666 1369 me
679 1311 831 1368 revertenti
842 1311 878 1367 ud
895 1327 943 1382 ps·
997 1312 1106 1370 tidueiu
1120 1312 1253 1368 dixerim.
1266 1333 1280 1362 ι(
1297 1318 1421 1368 ’sesave
1432 1310 1515 1366 istud
1534 1310 1565 1366 in
1581 1309 1716 1368 medium
1730 1313 1826 1385 prete·

116 1400 222 1459 latium
236 1400 295 1458 sibi
313 1403 451 1476 praecepit
469 1418 631 1471 occurrere,
649 1405 682 1458 ut
704 1401 855 1457 obviantes
871 1399 944 1457 mibi
998 1407 1089 1470 ratur,
1099 1405 1128 1457 et
1142 1400 1284 1473 quiequid
1295 1401 1430 1472 jusserit,
1442 1401 1613 1472 juramento
1626 1417 1644 1456 a
1658 1417 1707 1458 ms
1719 1402 1773 1458 tibi
1784 1403 1826 1458 tir

119 1508 184 1565 que
199 1491 292 1564 prius,
307 1490 337 1547 iu
362 1494 512 1564 stuporem
536 1490 644 1548 mentis
668 1489 806 1548 mulieres
829 1506 941 1547 verse:
999 1496 1105 1549 metor.
1117 1490 1173 1547 Sed
1189 1488 1327 1563 preteriti
1349 1489 1444 1545 nuntii
1470 1493 1574 1562 preter
1592 1490 1762 1562 jussionem
1776 1493 1826 1548 do-

118 1579 211 1648 lena,
225 1596 310 1637 mena
319 1581 363 1649 ⁸⁰⁰,
374 1579 550 1653 clproabuut,
563 1580 711 1637 miseriam
725 1596 820 1640 meam
839 1579 945 1652 pugnis
999 1579 1073 1638 mini
1086 1579 1143 1636 mei
1156 1578 1365 1652 promiserunt,
1376 1579 1560 1651 juraverunt,
1573 1579 1825 1652 conseripsumnt.

120 1674 238 1747 pectore
266 1673 359 1727 tunes
384 1687 391 1726 :
420 1669 574 1727 Dicebatur
591 1679 710 1728 :caneret
731 1678 773 1727 aet
789 1678 944 1743 relatarum!
1000 1670 1043 1726 lta
1057 1672 1112 1736 est,
1124 1672 1158 1724 ut
1172 1667 1252 1723 Plato
1268 1667 1309 1725 ait
1322 1683 1329 1724 ε
1343 1667 1438 1724 Causa
1461 1683 1550 1741 penes
1573 1671 1738 1741 optantem.
1756 1670 1826 1727 uene

119 1756 171 1816 Cui
181 1759 226 1827 ⁸⁰¹,
238 1758 399 1831 Nicephoro
415 1759 527 1817 scilicet
550 1760 687 1828 venienti,
699 1763 728 1815 et
739 1759 821 1815 vobis
844 1759 946 1816 obsen·
961 1788 985 1855 B
1000 1762 1082 1814 extre
1097 1756 1224 1829 eulpam.
1237 1779 1252 1807 »

119 1847 211 1915 tibus,
223 1846 275 1921 qui
292 1851 362 1905 tunc
385 1847 522 1908 manibus
538 1865 567 1921 ru
583 1848 688 1905 coelum
704 1848 809 1905 creetis
828 1852 944 1920 optare·
1034 1849 1080 1902 27.
1091 1846 1142 1902 His
1156 1845 1419 1919 expletis,veutum
1429 1850 1474 1903 est
1484 1846 1520 1902 ad
1532 1846 1742 1906 nobilissimos
1752 1849 1825 1922 prin·

121 1934 190 2003 rim,
201 1935 351 2009 proveniat
363 1935 491 1992 utinam-i
508 1937 562 1992 Sed
575 1937 649 1993 mibi
658 1936 745 1993 velim
760 1936 897 2005 credatis,
909 1937 945 1993 ad
1001 1937 1080 2009 cipes
1089 1935 1261 2008 Capuanum
1273 1939 1302 1990 et
1312 1934 1641 2009 Beneventanum,qoos
1657 1935 1723 2009 ipse
1734 1954 1826 1995 serrae

122 2023 216 2081 risum
229 2039 276 2079 me
291 2039 348 2079 uon
362 2039 468 2095 parum
479 2023 579 2085 illexit.
590 2024 757 2098 impatienti
766 2025 844 2082 enim
860 2030 948 2098 atque
990 2025 1144 2094 nominat,
1155 2029 1184 2081 et
1199 2024 1236 2081 ob
1251 2041 1327 2097 quos
1341 2023 1500 2080 intestinus
1516 2025 1615 2098 ipsum
1629 2027 1726 2100 agitat
1739 2027 1825 2084 dolor.

122 2110 225 2171 effreni
239 2111 372 2170 insidens
386 2127 471 2185 equo,
496 2113 568 2170 satis
594 2131 700 2187 pervus
728 2116 800 2171 setis
828 2131 946 2188 magne,
1002 2119 1139 2186 «Servos,
1149 2114 1256 2187 inquit,
1267 2131 1348 2170 meos
1359 2114 1497 2172 dominus
1507 2118 1578 2170 tuus
1587 2114 1617 2171 in
1628 2115 1755 2174 tutelam
1766 2118 1828 2174 reci·

124 2217 254 2277 puppam
281 2200 380 2276 ipsum
409 2218 492 2259 mens
520 2202 576 2259 sibi
605 2204 736 2276 depinxit
762 2220 838 2271 mea,
858 2221 947 2278 quam
1002 2204 1045 2278 pit
1054 2220 1227 2277 suam;quos
1237 2204 1262 2259 si
1275 2219 1332 2259 non
1344 2203 1529 2259 dimiseritet
1542 2203 1572 2259 in
1584 2203 1743 2276 pristinem
1759 2206 1828 2265 servi

124 2288 240 2355 Soblsvi
250 2288 339 2346 vestri
348 2290 634 2366 equinorelligontes
646 2292 735 2365 pullo,
745 2297 867 2350 matrem
879 2309 949 2366 prae·
1002 2297 1095 2350 tutem
1105 2293 1259 2367 redegerit,
1268 2296 1369 2349 nostra
1383 2291 1513 2349 amicitia
1527 2293 1647 2350 carebit.
1661 2294 1721 2366 ipsi
1737 2295 1767 2351 in
1783 2296 1829 2353 irn-

124 2380 276 2439 osdeutem
291 2380 375 2452 sequi
390 2381 527 2438 effrenate
542 2380 706 2439 dimittunt.
1002 2383 1118 2456 perium
1131 2387 1266 2439 nostrum
1276 2386 1309 2437 ut
1322 2380 1510 2453 recipiuntur,
1523 2382 1673 2455 flagitant;
1684 2385 1737 2441 sed
1748 2400 1828 2442 recu·

153 2472 204 2529 24.
212 2468 447 2543 macrensem
458 2470 590 2528 concives
598 2475 626 2527 et
635 2470 849 2529 cohabitatores
857 2489 949 2541 meos,
1004 2477 1051 2529 sat
1065 2488 1114 2529 eos
1130 2475 1263 2528 nostrum
1279 2470 1446 2543 imperium,
1461 2474 1493 2527 ut
1508 2476 1689 2544 cognoscant
1703 2478 1735 2530 et
1749 2491 1828 2549 erpe-

125 2561 257 2634 quiuque
271 2559 380 2625 leones,
391 2559 421 2615 in
434 2560 674 2632 prenominatam
690 2561 814 2619 invisam
830 2563 951 2618 domum
1005 2561 1120 2618 riantur
1134 2577 1223 2633 quam
1238 2558 1435 2633 periculosum
1451 2559 1599 2616 sitservos
1614 2576 1631 2616 s
1646 2561 1829 2619 dominisde

126 2648 363 2717 eumdeduotus,
380 2648 429 2721 ubi
456 2652 523 2721 post
545 2649 798 2708 hebdomadarum
823 2652 952 2725 spatium
1006 2648 1830 2722 clinuseeuersitutemeliumrebltestdeoentiusdomiuc

49 2794 56 2801 ,
126 2739 228 2807 trium,
238 2737 350 2797 nullius
359 2737 415 2794 nisi
429 2754 560 2795 meorum
571 2756 637 2795 sum
650 2738 795 2812 colloquio
806 2741 951 2798 visitatus.
1006 2743 1067 2805 tuo,
1080 2742 1114 2795 ut
1128 2737 1201 2794 mibi
1215 2754 1264 2795 eos
1276 2738 1375 2795 tradat
1389 2737 1610 2811 amicus,quem
1622 2738 1696 2795 mibi
1708 2740 1831 2797 dimittet

127 2829 233 2894 Qusex
242 2825 486 2898 rs,Nicepborum
496 2843 649 2900 nunquam
661 2828 786 2885 mevelle
795 2829 952 2898 dimittere,
1008 2828 1127 2885 invitus.
1138 2828 1329 2899 Itxperientur
1344 2825 1439 2900 pleae,
1448 2827 1507 2882 vita
1520 2827 1635 2895 comite,
1648 2829 1721 2901 quid
1733 2829 1777 2886 sit
1789 2829 1832 2886 be·

128 2932 213 2975 meus
227 2914 285 2973 aibi
298 2913 431 2988 depinxit
445 2931 520 2984 meo,
536 2932 569 2972 uc
584 2915 704 2973 tristitie
718 2917 876 2976 immodica
889 2918 954 2975 lau·
1008 2935 1075 2974 rum
1090 2917 1201 2985 tallere,
1212 2916 1284 2989 quid
1312 2914 1351 2973 sit
1379 2916 1549 2972 servitutem
1576 2916 1728 2987 deserere;
1750 2923 1789 2989 et,
1803 2922 1832 2975 ut

129 3021 250 3080 guorem
263 3003 396 3077 languori
411 3003 484 3060 adeo
503 3004 743 3078 superimposuit,
754 3012 787 3063 ut
801 3006 858 3063 vita
873 3024 954 3064 exce·
1009 3010 1091 3080 puto,
1103 3007 1235 3063 sentiunt
1249 3005 1414 3077 nuncquod
1427 3003 1501 3073 dieo,
1512 3007 1706 3078 operantibus
1716 3007 1774 3065 boe
1786 3024 1831 3065 oo·

130 3095 241 3164 durem,
252 3092 310 3151 nisi
321 3091 396 3155 mibi
407 3092 482 3151 haue
492 3092 541 3149 Dei
553 3093 679 3167 genitrix
688 3111 705 3151 s
715 3100 843 3153 creatore
853 3100 883 3152 et
894 3096 955 3153 tilio
1010 3095 1091 3163 stris,
1099 3096 1150 3168 qui
1166 3098 1236 3150 sunt
1248 3093 1327 3150 ultra
1342 3110 1432 3160 mure,
1449 3092 1603 3151 militibus.
1617 3116 1632 3145 e

131 3198 186 3243 suo
200 3168 337 3256 precibus
349 3181 508 3250 obtineret;
525 3183 785 3256 quemadmodum,
797 3201 854 3241 uon
865 3185 956 3243 unte·
970 3157 992 3233 C
1046 3185 1091 3240 98.
1102 3184 1213 3250 Quibus
1223 3182 1453 3255 respondereme
1462 3199 1519 3239 non
1530 3183 1667 3256 permisit
1677 3202 1685 3254 ;
1696 3184 1751 3243 sed
1760 3187 1832 3243 obire

133 3271 273 3351 stica-aed
287 3286 365 3341 vera,
376 3274 421 3329 est
436 3270 508 3329 mibi
520 3270 631 3329 visione
643 3277 849 3331 monstratum.
1012 3274 1187 3347 cupientem,
1200 3272 1236 3328 ed
1256 3286 1389 3328 mensem
1405 3286 1490 3328 suam
1512 3270 1607 3327 redire
1621 3273 1773 3348 precepit.
1787 3270 1835 3332 dui

167 3359 361 3434 25..Hisergo
384 3358 726 3418 tribushsbdomadibus
746 3361 851 3419 babuit
874 3363 958 3420 Nice·
1012 3368 1094 3436 pater
1105 3361 1178 3434 (t7o)
1189 3360 1298 3417 assedit
1317 3359 1416 3429 bomo,
1427 3359 1548 3416 etmihi
1570 3360 1738 3431 videbatur,
1752 3367 1833 3420 ustus

132 3451 244 3527 pharus
267 3453 349 3511 extra
363 3448 644 3522 Cousmutinopolim
670 3452 852 3519 metastasin,
869 3453 898 3507 id
914 3457 959 3509 est
1013 3447 1833 3523 centumquinquagintaanuis.tioiitidem,utiilio,Groeei

133 3540 300 3617 stationem,
316 3537 346 3595 iu
365 3536 428 3595 loeo
451 3538 501 3610 qui
526 3538 635 3595 dicitur
649 3548 693 3605 ἐις
706 3548 795 3612 erlem,
811 3541 841 3597 id
855 3546 900 3598 est
914 3543 957 3597 Ad
1012 3535 1720 3607 inlaudibus‚immo,inventissuis,i)eusaunos
1728 3539 1833 3598 aturri-

133 3630 240 3698 leutus,
253 3629 414 3702 eodemque
429 3643 476 3684 me
490 3628 588 3685 venire
602 3629 748 3703 pracepit.
765 3630 799 3686 st
812 3647 880 3688 curn
896 3635 958 3688 tom
1011 3629 1133 3702 lipliect,
1150 3627 1344 3684 conclamant.
1355 3627 1422 3690 ¹Quo
1441 3626 1473 3683 iu
1497 3643 1538 3694 re,
1555 3643 1646 3699 quem
1671 3628 1734 3686 siut
1752 3628 1834 3688 Greci
1861 3657 1866 3663 ·

131 3717 957 3797 languidus-essem,utnonsolum'stationedipsaetiem
1013 3718 1107 3787 stulti,
1118 3733 1244 3790 quamve
1254 3715 1345 3788 hujus
1355 3714 1453 3789 glorie
1462 3720 1620 3785 amatores,
1629 3732 1761 3790 quamve
1772 3718 1835 3775 adu·

131 3808 224 3869 sessio
235 3805 336 3883 gravis
352 3805 424 3864 mihi
441 3821 528 3862 moro
543 3806 701 3874 videretur,
712 3807 894 3880 discooperto
911 3825 957 3865 ea·
1011 3807 1128 3875 latores,
1140 3822 1229 3879 quam
1244 3804 1353 3877 cupidi,
1368 3804 1436 3861 binc
1451 3804 1761 3878 colligeropessumus
1772 3814 1837 3880 :ep-

129 3897 199 3971 pite,
211 3896 290 3972 quod
306 3893 389 3952 mula
406 3893 565 3953 valetudini
587 3911 658 3951 meae
674 3895 762 3954 nimis
777 3900 957 3955 contrarium
1011 3901 1074 3954 tant
1085 3895 1138 3953 soli
1152 3912 1210 3951 nou
1225 3894 1297 3961 sola,
1305 3892 1355 3949 sed
1367 3891 1514 3950 silicernio
1523 3891 1693 3967 (¹71),un
1705 3899 1833 3954 autema

129 3989 283 4056 arctante
298 3999 330 4041 se
351 3999 399 4039 me
421 3987 499 4041 sture
514 3983 623 4056 coegit3
640 3984 688 4039 oui
702 3987 732 4041 et
746 3985 787 4042 ait
801 4002 826 4042 2«
844 3987 957 4043 Domini
1011 3985 1107 4058 ipsum
1123 3983 1255 4056 nonpati
1269 3981 1475 4050 oertosciunt;
1491 3981 1833 4054 gaudatstsiiieerninm

127 4072 171 4133 tui
180 4071 959 4149 regis-Ottouisuuutii,quipreteritotepraeesserant
1012 4075 1116 4132 easibi
1142 4073 1322 4144 optari,que
1340 4086 1400 4127 *nec
1422 4068 1515 4127 Deum
1539 4071 1714 4139 faceremus
1739 4072 1835 4130 sibi*

127 4162 394 4237 euno,Jursmento
410 4159 483 4217 mibi
494 4159 741 4232 promiserunt,et
760 4162 958 4235 jurisjurandi
1012 4164 1151 4237 prodesse
1165 4162 1215 4218 sed
1232 4161 1343 4225 obesse,
1355 4160 1446 4216 utiam
1470 4158 1495 4215 si
1518 4159 1635 4227 taceret,
1649 4160 1743 4219 nevit.
1756 4161 1832 4230 Quod

126 4247 958 4324 litberoeimprueseutierumsunt,nunquamilluminuli·
1012 4267 1111 4327 queao
1124 4249 1319 4323 Nicephorum
1343 4248 1471 4321 gaudere
1500 4247 1626 4320 pectem
1629 4291 1687 4307 .....
1702 4248 1833 4308 iilsmet

127 4337 958 4416 quonostrumsesndulizareimperiumvismsu'usscan·
1012 4342 1184 4417 phosforum
1194 4337 1831 4409 clamabant.lmpotentemvirilem,stultum

128 4430 341 4503 calumniam
356 4428 434 4501 quod
457 4444 489 4485 se
509 4428 717 4501 imperatorem
731 4435 824 4500 vocat,
842 4432 956 4504 imperii
1012 4431 1185 4504 sapientem,
1196 4428 1312 4484 breuem
1323 4440 1475 4498 magnum,
1488 4426 1607 4499 nigrum
1616 4425 1833 4503 eibum-pecer-

128 4519 222 4581 uusbi
236 4519 368 4581 themate
381 4517 437 4574 sibi
453 4516 595 4590 usurpat?
611 4517 737 4590 Utraque
752 4535 810 4580 uon
830 4525 900 4578 sunt
914 4522 956 4578 le·
970 4526 995 4592 Ι)
1009 4527 1103 4579 torem
1119 4522 1253 4583 sanetum
1275 4515 1380 4583 dicere,
1397 4515 1470 4571 mibi
1490 4514 1685 4589 creditarios
1698 4517 1767 4575 leus
1783 4516 1829 4575 sed

127 4610 233 4679 κοιλὰς
244 4612 273 4667 et
287 4607 313 4665 si
329 4611 455 4680 utraque
468 4606 676 4678 importabilia,
690 4607 768 4664 istud
783 4613 828 4666 est
844 4627 900 4666 non
912 4610 953 4668 se·
1009 4606 1187 4670 contumelia
1201 4610 1255 4664 est.
1265 4604 1360 4676 thui
1374 4603 1471 4660 aliena
1485 4604 1582 4678 megia
1592 4606 1708 4678 gaudet
1722 4606 1829 4664 sibine·

128 4698 262 4765 rendum,
274 4696 434 4756 immense
450 4693 643 4764 audiendum,
658 4696 734 4769 quod
751 4713 783 4754 se
797 4697 954 4771 imperato-
1009 4697 1130 4757 clamari
1146 4711 1235 4769 quam
1254 4693 1384 4767 proprie,
1396 4692 1633 4751 svibusomnino
1653 4699 1700 4753 est
1719 4693 1828 4761 anos,

127 4802 191 4843 rem
204 4785 346 4850 seminat.
360 4784 417 4843 Sed
432 4783 457 4840 si
473 4784 631 4841 confirmas
646 4785 748 4841 eadem
763 4802 827 4856 que
843 4786 899 4859 ipsi
915 4787 954 4845 te·
1011 4803 1137 4863 quarum
1152 4783 1293 4841 intuitum
1309 4798 1366 4838 nox
1382 4781 1538 4852 illuminet,
1552 4782 1730 4841 dies-eecce.

126 4877 241 4941 cerunt,
256 4872 438 4937 tortunewm
450 4876 577 4945 testo-ue
591 4871 766 4946 locupletem
777 4873 891 4947 imperii
908 4894 958 4934 no.
1044 4877 1089 4932 29.
1101 4875 1156 4932 Sed
1172 4873 1328 4930 redeamus
1342 4872 1378 4927 sd
1394 4886 1467 4928 ram.
1479 4870 1538 4927 Hae
1559 4870 1590 4927 in
1610 4868 1824 4946 eene-⁸,qeeti

126 4961 181 5021 stri
196 4961 340 5037 mesatis
353 4958 410 5021 cito
424 4960 581 5019 dimittet.»
592 4960 623 5019 Id
640 4964 738 5019 autem
754 4979 788 5020 eo
804 4980 860 5019 non
870 4965 955 5036 dixit,
1012 4965 1094 5040 prius
1110 4980 1168 5021 non
1183 4963 1299 5032 iecerat,
1309 4976 1378 5017 voce
1390 4958 1467 5017 eluta
1474 4960 1510 5005 ⁶⁰⁸
1520 4948 1825 5034 bestiieeaaisstiirrp

807 5105 929 5164 VARIAE
949 5105 1158 5167 Lectiones.

160 5202 239 5260 ⁸⁰⁰id
262 5201 631 5270 est,mster‚muteana.
670 5203 701 5238 ‘⁰¹
717 5202 839 5259 CuiiN.
856 5221 880 5261 s.
896 5222 922 5261 v.
939 5211 1009 5263 etv.
1028 5203 1208 5263 absentibus.
1226 5199 1301 5267 Quid
1317 5201 1346 5256 C.
1384 5200 1529 5257 ⁵⁰¹tibid.
1567 5197 1820 5259 ⁸⁰³Hicdeesteli·

126 5275 196 5350 quid
213 5275 241 5333 C.
280 5274 449 5331 ⁸0temnet).
488 5274 573 5329 i⁰⁸ot.
589 5272 762 5344 vosoclotus
779 5277 1013 5352 exquoeorrigo
1028 5275 1196 5333 racemata:
1214 5273 1289 5330 CAN.
1306 5274 1355 5345 qui
1369 5288 1437 5328 voce
1452 5273 1694 5330 Latinaintcetu
1707 5272 1793 5330 babet

923 5408 1037 5469 ΝΟΜ.

144 5505 237 5587 ¹(l70)
252 5505 317 5563 Fuit
341 5504 366 5562 is
395 5505 515 5574 bardas,
536 5522 624 5632 <guero
648 5506 829 5580 Nicephorus
858 5509 951 5583 impe·
1041 5509 1117 5581 (171)
1128 5506 1196 5564 Seni
1212 5505 1369 5579 decrepito.

126 5593 205 5636 rrum
220 5578 344 5659 adeptus
361 5577 504 5636 (teserem
519 5594 552 5635 sa
565 5578 668 5634 utuvit.
685 5579 754 5637 Cau.
