3876 6084
137 326 196 394 tr·
587 332 894 400 pseusennes.
910 366 950 381 -
963 334 1173 402 PRAEFA'HO
1193 326 1406 403 RALLBRIN.
1816 330 1857 399 {8

137 468 226 537 quine
241 466 355 525 bomini
369 465 448 540 typis
462 465 568 526 dedere
577 467 725 541 quoddam
734 469 969 527 additamentum
982 471 1013 539 Α
1026 466 1855 547 exVeronensisoapituliexemplovulgaverut3Frisingal·

138 574 175 613 ex
186 556 390 630 manuscripto
406 556 671 630 bobieoei‚quodo
686 561 785 614 nostro
802 560 972 627 auctorent
1024 559 1194 629 lusautem,
1204 561 1354 618 nescimus
1368 578 1426 635 quo
1437 577 1509 618 cusu
1521 560 1582 635 [xil.
1593 561 1623 617 in
1634 560 1853 619 codicerrtatn·

140 646 229 702 nobis
244 645 363 719 quidam
378 644 750 714 ridetur,lucubrutum,iu
766 646 972 721 editionellpe·
1024 650 1107 723 gensi
1123 650 1353 724 haudquaquam
1362 650 1512 717 invenerit,
1527 648 1682 722 solumque
1692 648 1850 707 titulumin

139 752 209 791 rum
220 735 317 808 ipsius
331 733 411 792 haud
425 734 622 793 omittendum
637 736 826 793 credidimus.
838 734 968 792 ltatherii
1025 738 1192 813 apographo
1208 739 1370 796 exhibuerit
1385 758 1390 806 ;
1408 757 1463 795 nos
1478 745 1629 812 sperantes
1653 739 1713 795 iore
1728 741 1761 794 ut
1775 738 1851 796 inte·

139 825 242 897 itoque
257 823 506 896 Opera,hactenus
521 824 680 897 separatim
694 825 905 898 impressisset
918 829 971 881 aut
1024 844 1110 900 mum
1119 827 1228 884 ibidem
1237 828 1354 902 reperiri
1365 827 1849 901 pussetopusculum‚egimuscum

139 912 241 985 potins
256 918 368 986 septem
384 913 531 969 editorum
550 914 701 987 diligentia
728 914 901 987 prodierunt
913 930 921 981 ;
935 929 970 969 ex
1024 916 1209 973 nobilissimo
1223 916 1344 990 patricio
1359 923 1459 974 nostro
1476 918 1581 973 comite
1595 917 1708 973 Joanne
1719 914 1851 989 Baptista

140 1018 201 1074 quo
216 1004 249 1057 tit
262 1007 297 1057 ut
311 1000 385 1058 tanti
399 1002 453 1057 viri
468 1001 612 1059 studiosis
625 1020 699 1076 opus
725 1002 764 1058 sit
791 1019 841 1058 sex
864 1001 969 1059 diversi
1024 1007 1059 1063 de
1085 1006 1286 1079 Veritate,qui
1302 1023 1318 1062 e
1337 1006 1533 1062 serenissimae
1561 1006 1703 1061 savarico
1733 1003 1851 1061 familias

140 1090 259 1161 generis
273 1090 419 1147 editiones
433 1089 489 1147 sibi
505 1108 675 1164 comparare
698 1095 787 1164 atque
805 1090 968 1149 consulere.
1024 1094 1588 1168 auluVeronamdigressus,incomdem
1600 1093 1698 1149 culam
1709 1092 1853 1151 erstrodi·

140 1180 216 1236 ilinc
228 1178 547 1237 collectionisomnium
561 1179 834 1252 eJusmodioperum
845 1177 967 1246 utititas,
1023 1188 1119 1253 turus,
1135 1189 1163 1241 et
1178 1186 1214 1240 ab
1229 1184 1331 1240 eodem
1347 1184 1503 1255 petivimus
1512 1183 1638 1239 clliccret
1649 1183 1789 1255 utipsum
1799 1198 1852 1239 co-

140 1286 178 1323 ne
192 1267 327 1325 dioomus
341 1266 512 1335 necessitas,
520 1268 604 1325 facile
615 1269 799 1342 perspicitur;
816 1284 883 1324 cum
899 1285 970 1341 pra·
1024 1274 1118 1330 dicem
1135 1273 1312 1347 diligentiori
1328 1288 1398 1328 cura
1413 1270 1561 1344 quispiam
1574 1272 1687 1344 peritus
1697 1264 1849 1327 evolveret.

140 1359 246 1413 sertim
258 1357 390 1414 accidere
406 1355 546 1414 soleatut
560 1374 595 1413 ex
611 1374 669 1414 nno
684 1357 906 1432 operealterins
920 1355 969 1412 in·
1023 1363 1241 1435 expolitumque
1269 1377 1353 1434 opos,
1370 1360 1408 1416 'si
1437 1360 1625 1423 inveniretur.
1663 1359 1849 1415 exscriberet·

142 1446 297 1520 dulgentia
308 1446 443 1519 pendeat,
458 1462 493 1502 ²⁰
503 1462 538 1502 ⁰²⁴
552 1446 705 1503 tolletiont
719 1445 850 1502 omnium
867 1445 969 1518 quenti
1023 1451 1125 1507 Virum
1141 1447 1218 1508 nacti
1230 1467 1335 1507 sumus
1346 1450 1508 1506 litterarum
1520 1449 1784 1515 studiosissimum,
1795 1447 1849 1521 qui

142 1536 183 1593 sit
195 1540 297 1592 auctor
306 1535 478 1592 estimetur.
1023 1556 1091 1595 cum
1105 1538 1182 1595 hanc
1203 1538 1331 1596 Ratheril
1360 1538 1517 1596 editionem
1549 1538 1673 1593 maxinre
1701 1538 1848 1609 probaret,

176 1625 327 1682 xtttttum
342 1641 429 1699 porro
440 1625 474 1683 in
488 1623 658 1682 collectione
667 1626 696 1681 et
709 1623 837 1680 editione
847 1638 969 1696 operum
1021 1632 1085 1683 tum
1100 1644 1167 1684 vero
1181 1627 1276 1683 eidem
1297 1644 1415 1685 ornnem
1431 1643 1514 1698 opem
1544 1631 1744 1700 praestaturus,
1758 1626 1849 1682 Fran·

141 1712 288 1784 cujusque
296 1712 425 1769 auctoris
439 1729 496 1769 non
507 1717 568 1769 tem
583 1712 786 1769 desiderentur
797 1710 970 1767 enlettditt
1023 1717 1099 1773 ciaco
1114 1717 1150 1773 de
1166 1716 1366 1772 werdenstein
1382 1715 1530 1788 eipiseopo
1544 1715 1765 1781 Tenariensi‚oe
1774 1712 1848 1770 emi·

143 1806 170 1857 et
183 1800 310 1858 incuriis
319 1800 519 1858 columinibus
526 1801 661 1872 dispersa
668 1817 828 1874 quamque
835 1799 968 1855 nondum
983 1847 1009 1914 B
1023 1804 1190 1862 nantissimi
1215 1804 1409 1879 Frisingeusis
1424 1803 1551 1877 episcopi
1563 1804 1757 1875 suliragoueo,
1774 1801 1849 1859 ami·

141 1891 290 1964 imputet.
301 1889 431 1959 fuerunt,
447 1888 504 1946 elie
514 1894 601 1963 atqua
612 1890 670 1946 ulia
685 1889 815 1947 ltalbcrii
829 1904 927 1963 opere,
943 1887 969 1944 ei
1023 1895 1144 1951 cissimo
1152 1910 1216 1966 suo,
1223 1893 1460 1967 optimorumque
1468 1893 1633 1951 studiorum
1644 1890 1848 1948 amantissimo

141 1998 210 2052 quaa
224 1978 352 2049 aliorum
366 1980 518 2053 diligentia
533 1979 698 2053 effugerint,
714 1978 889 2051 inquirenda
901 1994 968 2035 cen-
1022 1983 1052 2039 id
1068 1982 1175 2055 negotii
1186 1982 1535 2055 commendavit,lnquod
1544 1998 1611 2038 cum
1621 1982 1646 2037 is
1656 1976 1849 2035 omnemdili·

143 2068 311 2140 animosis]
322 2068 415 2142 lgitur
424 2070 461 2125 de
469 2069 564 2143 ipsius
574 2065 969 2131 auctorircodicibussollici·
1022 2071 1152 2146 gentiam
1166 2070 1349 2135 contulisset,
1366 2068 1541 2143 opusculum
1557 2070 1704 2142 integrum
1719 2071 1750 2123 et
1763 2082 1851 2123 sucu·

143 2160 176 2221 ti,
187 2159 217 2214 in
228 2162 359 2231 quatuor
367 2161 482 2215 tantum
499 2157 685 2215 bibliothecis
699 2156 918 2229 manuscriptos
932 2153 969 2211 li·
1022 2164 1084 2216 rste
1098 2160 1308 2233 &suscriptum
1323 2159 1501 2233 occepimus.
1512 2157 1598 2215 Aliud
1611 2157 1752 2231 quiddam
1763 2154 1793 2211 in
1802 2170 1851 2213 eo·

142 2250 221 2313 brot,
235 2245 395 2321 quietique
404 2246 533 2305 lietberti
540 2246 880 2320 opusculacoutinarent,
890 2244 969 2301 iove·
1023 2249 1089 2305 dem
1103 2248 1202 2306 codice
1215 2247 1518 2305 animadvertendum.
1531 2248 1600 2304 Post
1614 2245 1744 2302 Rutherii
1759 2260 1849 2318 opera

142 2334 969 2399 oirinobisinnotuit.UnuscustodituriuteruodicasLau·
1023 2336 1130 2410 pagina
1144 2335 1212 2393 olba
1227 2336 1336 2404 relicta,
1351 2337 1399 2392 hio
1414 2340 1529 2393 tantum
1545 2334 1650 2391 titulus
1671 2335 1845 2407 preelectum

141 2426 275 2482 duneass
290 2424 558 2498 Ecclesiumdequo
575 2424 637 2481 heac
665 2423 849 2481 Acheriosin
865 2423 968 2496 prela·
1022 2425 1237 2482 Praedimmms
1262 2427 1291 2480 in
1319 2425 1583 2498 qarbesdcmscslis.
1599 2422 1718 2495 Aliquot
1747 2424 1847 2478 autem

142 2515 222 2570 tione
231 2514 372 2570 tradidit:
389 2537 404 2566 n
415 2517 556 2570 catarum
567 2514 604 2570 de
614 2514 713 2571 codice
724 2513 968 2571 Ratherianorum
1023 2529 1172 2570 sermones
1200 2512 1406 2585 subjiciuntur,
1423 2512 1474 2585 qui
1488 2529 1531 2568 ex.
1548 2514 1577 2568 S.
1594 2510 1723 2583 Gregorii
1748 2509 1847 2565 verbis

143 2619 278 2674 operum,
294 2601 424 2659 Ansalmi
450 2603 552 2663 decani
567 2606 738 2675 tempestate
759 2601 906 2675 eleganter
920 2618 968 2658 ex·
1022 2602 1092 2657 hinc
1107 2601 1175 2659 inda
1190 2602 1332 2675 excerptis
1346 2600 1499 2673 compacti,
1511 2618 1529 2657 a
1541 2590 1716 2657 Rutheriano
1728 2596 1804 2671 stylo
1817 2599 1848 2655 et

144 2690 299 2758 brutescit
309 2690 691 2765 mendisplurimisloedato,
703 2690 753 2763 qui
763 2690 832 2748 olim
843 2708 859 2747 e
869 2689 970 2749 biblio·
1023 2690 1235 2747 consuetudine
1250 2689 1423 2747 alienissimi
1439 2694 1519 2756 aunt,
1536 2691 1567 2747 ln
1581 2689 1627 2744 his
1643 2703 1720 2745 unus
1744 2690 1790 2743 est
1810 2686 1848 2744 de

143 2782 231 2839 theca
245 2781 279 2835 B.
296 2780 393 2839 Marias
406 2779 610 2837 Laudnoensie
634 2781 728 2836 luerat
756 2780 924 2853 subreptus,
936 2797 969 2837 oc
1024 2779 1135 2837 sanctis
1147 2780 1244 2836 Firmo
1258 2783 1286 2836 et
1305 2780 1434 2847 Rustico,
1448 2794 1483 2834 aa
1498 2780 1527 2835 S.
1544 2779 1682 2851 Gregorio
1710 2774 1848 2833 similiter

144 2869 265 2925 tandem
281 2868 446 2934 restitutus,
461 2869 571 2943 gratias
584 2884 639 2943 ago
654 2866 690 2925 cl.
716 2867 750 2923 V.
761 2868 886 2925 Antonio
905 2869 969 2927 Bel·
1024 2868 1225 2933 concinnatus,
1238 2884 1325 2941 quem
1335 2867 1458 2941 exempli
1471 2867 1603 2940 gratiain
1615 2864 1851 2939 Appeuciceede·

144 2957 335 3025 lettancum
350 2956 507 3015 liutherius
520 2961 587 3031 post
601 2957 758 3013 dimissum
772 2957 970 3016 Veronensem
1025 2974 1102 3013 mus.
1118 2957 1233 3017 Videsis
1248 2957 1483 3014 Admonitionem
1498 2958 1593 3013 eidem
1609 2954 1736 3012 sermoni
1754 2953 1850 3027 proli-

143 3046 346 3120 episcopatum
362 3046 496 3103 Louduni
512 3047 609 3114 luerit,
619 3045 785 3126 ibidemque
800 3046 971 3120 aliquandiu
1024 3063 1102 3102 ram.

143 3136 331 3203 immoratus,
347 3134 431 3192 dieS.
449 3134 590 3208 Stephani
606 3151 773 3192 sermonem
789 3135 926 3192 habuerit
940 3135 970 3192 in
1061 3135 1119 3193 XV.
1133 3136 1164 3190 ln
1180 3152 1253 3191 mss.
1265 3134 1415 3191 codicibus
1427 3135 1547 3207 capituli
1559 3133 1736 3191 Veronensis
1750 3131 1849 3189 liccle·

143 3222 275 3296 capitulo
289 3223 463 3281 monialium
479 3224 679 3297 (Praeloq.1.v,
695 3239 720 3278 c.
737 3223 804 3296 ult.)
816 3242 823 3292 ;
836 3213 1008 3282 hoclorteG
1027 3223 1087 3291 aio,
1104 3223 1133 3279 in
1152 3240 1210 3297 qna
1222 3223 1377 3280 liutherius
1389 3223 1528 3296 pleraque
1557 3221 1698 3295 opuscula
1719 3220 1848 3293 scripsit,

144 3318 276 3385 ternpore
289 3312 368 3368 idem
383 3313 474 3369 codex
483 3311 752 3385 exipsiusuoetoria
761 3312 969 3387 autographus
1024 3311 1131 3368 mirum
1146 3312 1236 3371 dictu!
1250 3316 1353 3385 proter
1363 3329 1397 3367 cu
1409 3328 1502 3384 pauco
1514 3328 1578 3384 qum
1588 3308 1848 3383 volgavitBortbo-

143 3402 244 3457 ictinus
260 3403 352 3475 perito
367 3401 486 3458 librario
499 3419 558 3457 non
575 3401 638 3457 sino
664 3402 778 3457 mendis
806 3402 969 3476 exscriptus
1023 3401 1143 3457 lonicus
1158 3400 1364 3475 Cnmpagnoln,
1381 3400 1454 3456 nibil
1470 3400 1595 3473 reperire
1611 3399 1703 3454 licuit.
1719 3397 1775 3453 Sed
1798 3394 1846 3452 ille

142 3491 209 3546 luit.
226 3492 411 3563 Quocunque
424 3507 514 3563 opero
528 3490 556 3546 io
572 3490 627 3546 hoc
647 3506 702 3545 ms.
719 3490 851 3563 exemplo
876 3491 967 3548 conti·
1023 3490 1108 3545 tertio
1124 3490 1238 3546 Verona
1252 3490 1405 3553 decedens,
1422 3489 1481 3545 huo
1496 3488 1623 3560 amplius
1638 3503 1694 3541 non
1712 3501 1844 3540 reversu-

142 3584 260 3650 nenlur,
269 3580 458 3653 posttertinm
471 3580 599 3635 hlotharii
612 3580 826 3635 restitutionem
841 3580 968 3637 insuam
1024 3597 1085 3644 rus,
1101 3596 1155 3634 suo
1167 3595 1254 3651 opero
1268 3595 1366 3633 socom
1383 3576 1497 3632 ridetur
1507 3575 1658 3630 detulisse.

142 3670 341 3727 veronensem
357 3668 525 3726 cathedram
541 3668 696 3725 lucubrata
709 3668 967 3741 deprehendimus.
1058 3668 1128 3722 Xl'l.
1145 3667 1217 3723 Cum
1234 3666 1346 3721 veroin
1362 3682 1449 3721 suum
1466 3663 1608 3720 bobiense
1623 3662 1799 3729 cenobium,
1815 3660 1846 3717 in

143 3757 221 3813 Nihil
236 3758 268 3813 in
283 3759 338 3814 hoc
347 3756 479 3829 exemplo
489 3757 637 3814 invonitur
647 3757 725 3828 quod
734 3758 770 3813 ab
781 3756 969 3814 Acherloedi-
1023 3773 1081 3829 qno
1096 3756 1289 3813 monasticum
1305 3756 1394 3811 vitam
1410 3755 1560 3827 protessus
1583 3753 1687 3817 luerat,
1699 3767 1764 3807 sese
1792 3748 1849 3806 cli-

141 3851 206 3901 tom
222 3863 281 3902 non
295 3846 390 3903 luerit.
1023 3845 1141 3918 quando
1158 3845 1308 3917 receperit,
1319 3844 1458 3917 pleraque
1472 3842 1566 3915 ipsius
1575 3858 1663 3915 opera
1673 3841 1702 3895 in
1714 3839 1849 3912 ejusdem

180 3934 250 3990 lilV.
266 3935 311 3990 sd
327 3935 405 3993 idem
418 3951 536 4007 quoque
555 3938 672 4007 tempus
698 3935 843 4007 pertinent
869 3935 968 3991 omnia
1023 3935 1193 3991 monosterii
1211 3933 1360 3991 codicibus
1376 3933 1527 3990 inventum
1543 3932 1579 3988 iri
1594 3930 1798 4005 sperabamus,
1814 3944 1850 3985 ex

143 4040 208 4094 que
223 4024 252 4079 in
268 4039 324 4080 ms.
341 4023 417 4080 libro
432 4022 611 4097 Frisingensi
641 4023 858 4080 describuntur.
874 4024 967 4091 llunc,
1022 4024 1131 4096 quibus
1147 4023 1335 4096 potissimum
1351 4023 1654 4095 eorumdemoperum
1671 4018 1850 4076 mentionem

142 4129 232 4183 quern
239 4114 489 4186 septingentorum
500 4128 716 4169 annorumesse
724 4113 893 4170 testaturd'.
904 4114 968 4181 Pas,
1022 4113 1134 4169 iaciunt
1149 4113 1309 4170 l'ulcuinus
1325 4113 1416 4169 abbas
1427 4109 1750 4179 bobiensis,tlnselmus
1762 4122 1851 4164 canc·

141 4201 251 4274 Joseph
263 4200 452 4275 Frisingellus
462 4201 613 4273 presbyter
626 4200 969 4275 Roborotanos,optima·
1023 4202 1107 4258 nicus
1123 4202 1303 4269 leodiensis,
1315 4198 1711 4275 SigcbertusGemblucensis
1729 4200 1757 4254 ct
1773 4196 1849 4270 AEgl·

142 4307 209 4345 rum
221 4288 384 4347 litterarum
395 4288 644 4358 studiosissimus,
655 4290 727 4345 dum
738 4289 878 4364 Frisingoe
889 4292 967 4365 apud
1022 4291 1089 4348 dius
1101 4291 1136 4348 de
1148 4292 1255 4349 leodio
1266 4292 1338 4364 [nul.
1347 4290 1405 4346 llac
1416 4307 1467 4362 spe
1478 4289 1593 4345 illectus
1609 4287 1740 4343 marchio
1750 4284 1848 4357 Scipio

141 4380 272 4435 amicum
285 4379 591 4452 suumbospitaretur,
607 4379 709 4434 eodem
725 4378 868 4450 adjutore,
882 4383 969 4452 prout
1022 4379 1229 4452 Mallcius,q11i
1246 4380 1321 4435 hano
1336 4379 1579 4435 ltathorianorum
1603 4372 1730 4446 Operum
1758 4370 1847 4428 colle·

141 4469 222 4525 brevi
237 4469 333 4542 spatio
345 4469 437 4537 licuit,
443 4468 596 4526 celebriter
605 4468 828 4525 exscribendum
843 4468 966 4525 curavit.
1022 4469 1146 4524 ctionem
1157 4468 1283 4524 maxime
1293 4469 1454 4539 expetebat,
1469 4465 1616 4521 eruditum
1630 4462 1684 4517 iter
1696 4458 1845 4532 Belginum

141 4558 183 4612 Ex
198 4551 253 4613 boc'
267 4563 365 4615 autem
381 4557 559 4632 apographo,
577 4558 654 4630 quod
672 4557 756 4614 nobis
772 4561 877 4629 presto
900 4558 965 4626 luit,
980 4584 1005 4649 D
1022 4573 1121 4629 agens.
1137 4574 1154 4611 a
1169 4555 1412 4612 reverendissimo
1440 4550 1601 4608 'l'heodullo
1626 4550 1740 4615 abbate,
1757 4564 1846 4622 quem

140 4646 486 4721 cognovimus,ploraque
494 4662 564 4703 sone
575 4662 639 4719 quo
649 4645 678 4701 in
690 4645 869 4720 Frisingonsi
877 4646 967 4704 conti-
1022 4644 1123 4701 Loubii
1136 4645 1245 4701 trustra
1260 4645 1414 4717 quesitum
1426 4639 1568 4698 Bruxellis
1577 4639 1695 4713 reperit,
1706 4638 1795 4696 ctiam
1803 4640 1847 4693 at·

139 4740 259 4803 nentur,
276 4736 355 4793 adita
370 4734 582 4809 luisseparlim
598 4735 846 4808 abtlcherio,qui
864 4736 966 4794 eadem
1022 4732 1180 4806 quostiam
1206 4733 1289 4806 petiit
1304 4737 1336 4789 ut
1366 4730 1609 4788 Ratherianorum
1639 4728 1774 4785 codicum
1800 4724 1848 4783 sui

141 4825 171 4879 in
189 4840 245 4880 ms.
262 4825 448 4881 laudunensi
464 4824 829 4897 nactuslocrat,partima
847 4825 967 4882 laudato
1021 4820 1459 4879 cmnobiiaocuratomnotitiam
1469 4820 1615 4878 Veronam
1624 4817 1846 4874 transmitteret.

142 4914 172 4969 P.
191 4913 254 4969 Pez.
266 4912 678 4987 Atquinqooopuscula,quro
691 4914 964 4969 nonduminlooem
1020 4912 1134 4968 Malleio
1149 4918 1247 4968 autem
1262 4911 1406 4968 Veronam
1432 4926 1556 4978 reverso,
1573 4924 1640 4964 cum
1668 4906 1847 4962 ineditorum

140 5003 319 5077 prodierunt,
338 5001 446 5059 ibidem
468 5001 647 5070 invenimus,
659 5001 800 5057 nimirum
827 5003 966 5060 Decretum
1020 4999 1186 5074 exemplum
1216 5000 1359 5074 praecipue
1373 5000 1589 5056 desideraretur
1607 4997 1794 5070 vulgatorum
1819 4996 1849 5051 et

139 5093 172 5148 dc
185 5092 294 5149 clericis
305 5092 341 5149 ab
355 5093 482 5149 invasore
501 5090 645 5159 ordinetis,
661 5092 735 5148 duos
758 5095 901 5149 tractatus
928 5092 966 5148 De
1020 5105 1121 5147 eorum
1137 5107 1200 5162 quae
1217 5107 1251 5146 er
1265 5088 1444 5161 Frisingensi
1460 5087 1559 5144 codice
1574 5086 1705 5143 nondum
1729 5083 1847 5158 vulgata

137 5183 251 5254 proprio
271 5182 364 5253 tepea,
378 5186 408 5236 el
423 5186 462 5238 De
488 5196 614 5237 serinoee
641 5181 728 5237 otioso
744 5198 753 5245 ς
768 5196 802 5235 ac
816 5196 966 5237 sermones
1021 5179 1203 5236 habebamus
1218 5180 1248 5235 in
1263 5178 1411 5244 manibus,
1423 5177 1549 5233 indicem
1561 5177 1597 5231 ad
1608 5175 1745 5231 eumdem
1756 5172 1847 5229 abba·

139 5273 226 5337 dnos,
245 5284 338 5327 unum
353 5270 390 5326 lle
417 5270 579 5337 Pcrrtceoete,
596 5268 687 5324 alium
701 5270 739 5325 lle
754 5270 841 5325 llario
855 5277 881 5325 et
894 5270 966 5326 ller-
1020 5273 1079 5323 tem
1096 5267 1244 5333 misimus,
1260 5271 1302 5335 nt,
1319 5266 1443 5341 cognitis
1459 5284 1522 5339 que
1537 5264 1622 5321 nobis
1639 5267 1726 5336 prato
1751 5264 1843 5329 erant,

138 5360 198 5415 llio.
213 5358 285 5414 Cum
301 5374 389 5432 porro
402 5374 435 5412 ex
451 5358 482 5413 P.
496 5358 644 5414 Bernordo
658 5358 713 5413 Pca
727 5357 919 5415 ‹licliccrimus
935 5360 965 5414 in
1020 5375 1055 5414 eo
1069 5373 1133 5428 qum
1160 5357 1297 5413 deessent
1325 5355 1401 5412 lucili
1431 5354 1546 5428 negotio
1570 5353 1696 5410 discerni
1712 5352 1843 5424 possent,

137 5448 257 5504 laudato
270 5447 370 5504 codice
384 5446 502 5519 reperiri
512 5445 601 5502 etiam
613 5446 792 5518 opusdulum
802 5448 967 5505 Detrunele-
1020 5449 1179 5517 eodemque
1196 5450 1228 5501 ut
1238 5444 1393 5518 diligenter
1408 5444 1672 5500 transcriberentur
1687 5438 1845 5515 postulavi·

136 5541 213 5595 teme
226 5539 348 5610 corporis
363 5538 392 5593 S.
407 5537 545 5604 iletroece,
558 5536 645 5607 ciclus
674 5536 870 5609 lrogmentum
900 5540 965 5593 tan·
1021 5536 1300 5593 mnsl'oromcum
1317 5533 1484 5590 incendium
1501 5530 1845 5587 olimboceelebremo-

137 5622 761 5695 tummodomtmonuimus,llartholomeus
770 5625 967 5699 campagnola
1021 5625 1181 5683 nestorium
1196 5626 1350 5688 vastasset,
1362 5621 1460 5693 plures
1475 5621 1589 5677 codices
1605 5617 1771 5690 consumpti
1789 5632 1795 5670 :
1812 5628 1846 5670 ac
