<?xml version="1.0" encoding="UTF-8"?>
<!DOCTYPE html PUBLIC "-//W3C//DTD XHTML 1.0 Transitional//EN"
    "http://www.w3.org/TR/xhtml1/DTD/xhtml1-transitional.dtd">
<html xmlns="http://www.w3.org/1999/xhtml" xml:lang="en" lang="en">
 <head>
  <title>
</title>
<meta http-equiv="Content-Type" content="text/html;charset=utf-8" />
  <meta name='ocr-system' content='tesseract 3.04.00' />
  <meta name='ocr-capabilities' content='ocr_page ocr_carea ocr_par ocr_line ocrx_word'/>
</head>
<body>
  <div class='ocr_page' id='page_1' title='image "./patrologiaecurs89unkngoog_0243.png"; bbox 0 0 3892 6090; ppageno 0'>
   <div class='ocr_carea' id='block_1_1' title="bbox 159 310 224 388">
    <p class='ocr_par' dir='ltr' id='par_1_1' title="bbox 159 310 224 388">
     <span class='ocr_line' id='line_1_1' title="bbox 159 310 224 388; baseline 0 0"><span class='ocrx_word' id='word_1_1' title='bbox 159 310 224 388; x_wconf 79' lang='lat' dir='ltr'>aa</span> 
     </span>
    </p>
   </div>
   <div class='ocr_carea' id='block_1_2' title="bbox 610 314 1436 389">
    <p class='ocr_par' dir='ltr' id='par_1_2' title="bbox 610 314 1436 389">
     <span class='ocr_line' id='line_1_2' title="bbox 610 314 1436 389; baseline -0.006 -1"><span class='ocrx_word' id='word_1_2' title='bbox 610 315 812 389; x_wconf 66' lang='lat' dir='ltr'>&#39;berasan</span> <span class='ocrx_word' id='word_1_3' title='bbox 835 317 960 386; x_wconf 73' lang='lat' dir='ltr'>asise.</span> <span class='ocrx_word' id='word_1_4' title='bbox 981 319 1126 386; x_wconf 71' lang='lat' dir='ltr'>VEEON.</span> <span class='ocrx_word' id='word_1_5' title='bbox 1149 319 1236 385; x_wconf 86' lang='lat' dir='ltr'><strong>OPP.</strong></span> <span class='ocrx_word' id='word_1_6' title='bbox 1258 317 1359 384; x_wconf 73' lang='lat' dir='ltr'><strong>PARS</strong></span> <span class='ocrx_word' id='word_1_7' title='bbox 1380 314 1406 383; x_wconf 87' lang='lat'>1.</span> <span class='ocrx_word' id='word_1_8' title='bbox 1430 323 1436 328; x_wconf 82' lang='lat'>&#39;</span> 
     </span>
    </p>
   </div>
   <div class='ocr_carea' id='block_1_3' title="bbox 1807 270 1875 379">
    <p class='ocr_par' dir='ltr' id='par_1_3' title="bbox 1807 270 1875 379">
     <span class='ocr_line' id='line_1_3' title="bbox 1807 270 1875 379; baseline 0 -1"><span class='ocrx_word' id='word_1_9' title='bbox 1807 270 1875 379; x_wconf 77' lang='lat' dir='ltr'>aas</span> 
     </span>
    </p>
   </div>
   <div class='ocr_carea' id='block_1_4' title="bbox 152 448 1872 529">
    <p class='ocr_par' dir='ltr' id='par_1_4' title="bbox 152 448 1872 529">
     <span class='ocr_line' id='line_1_4' title="bbox 152 448 1872 529; baseline -0.001 -19"><span class='ocrx_word' id='word_1_10' title='bbox 152 453 218 527; x_wconf 67' lang='lat' dir='ltr'>lam</span> <span class='ocrx_word' id='word_1_11' title='bbox 233 450 430 514; x_wconf 90' lang='lat' dir='ltr'>conviciorum</span> <span class='ocrx_word' id='word_1_12' title='bbox 445 457 538 515; x_wconf 91' lang='lat' dir='ltr'>millia</span> <span class='ocrx_word' id='word_1_13' title='bbox 553 458 640 516; x_wconf 91' lang='lat' dir='ltr'>etiam</span> <span class='ocrx_word' id='word_1_14' title='bbox 655 458 806 516; x_wconf 90' lang='lat' dir='ltr'>inveniens</span> <span class='ocrx_word' id='word_1_15' title='bbox 818 455 984 528; x_wconf 74' lang='lat' dir='ltr'>transgredi</span> <span class='ocrx_word' id='word_1_16' title='bbox 997 457 1026 525; x_wconf 68' lang='grc' dir='ltr'><strong>Α</strong></span> <span class='ocrx_word' id='word_1_17' title='bbox 1039 454 1224 529; x_wconf 73' lang='lat' dir='ltr'><strong>comportas?</strong></span> <span class='ocrx_word' id='word_1_18' title='bbox 1239 452 1385 522; x_wconf 87' lang='lat' dir='ltr'>Interdici,</span> <span class='ocrx_word' id='word_1_19' title='bbox 1397 453 1475 526; x_wconf 91' lang='lat' dir='ltr'>quod</span> <span class='ocrx_word' id='word_1_20' title='bbox 1496 449 1571 510; x_wconf 82' lang='lat' dir='ltr'>lacis</span> <span class='ocrx_word' id='word_1_21' title='bbox 1590 448 1754 517; x_wconf 85' lang='lat' dir='ltr'>temerarie,</span> <span class='ocrx_word' id='word_1_22' title='bbox 1767 450 1872 524; x_wconf 82' lang='lat' dir='ltr'>audis,</span> 
     </span>
    </p>
   </div>
   <div class='ocr_carea' id='block_1_5' title="bbox 159 545 989 1419">
    <p class='ocr_par' dir='ltr' id='par_1_5' title="bbox 159 545 987 1065">
     <span class='ocr_line' id='line_1_5' title="bbox 159 545 986 620; baseline 0 -20"><span class='ocrx_word' id='word_1_23' title='bbox 159 561 217 601; x_wconf 90' lang='lat' dir='ltr'>non</span> <span class='ocrx_word' id='word_1_24' title='bbox 231 545 351 612; x_wconf 91' lang='lat' dir='ltr'>vereris,</span> <span class='ocrx_word' id='word_1_25' title='bbox 362 546 435 619; x_wconf 90' lang='lat' dir='ltr'>ipsis</span> <span class='ocrx_word' id='word_1_26' title='bbox 445 548 532 604; x_wconf 89' lang='lat' dir='ltr'>etiam</span> <span class='ocrx_word' id='word_1_27' title='bbox 544 565 638 620; x_wconf 89' lang='lat' dir='ltr'>noque</span> <span class='ocrx_word' id='word_1_28' title='bbox 649 548 786 605; x_wconf 89' lang='lat' dir='ltr'>manibus</span> <span class='ocrx_word' id='word_1_29' title='bbox 801 547 936 604; x_wconf 81' lang='lat' dir='ltr'>excedere</span> <span class='ocrx_word' id='word_1_30' title='bbox 951 546 986 601; x_wconf 88' lang='lat' dir='ltr'>ti-</span> 
     </span>
     <span class='ocr_line' id='line_1_6' title="bbox 159 633 987 710; baseline -0.001 -21"><span class='ocrx_word' id='word_1_31' title='bbox 159 649 254 690; x_wconf 89' lang='lat' dir='ltr'>mens.</span> <span class='ocrx_word' id='word_1_32' title='bbox 266 633 332 690; x_wconf 85' lang='lat' dir='ltr'>Janr</span> <span class='ocrx_word' id='word_1_33' title='bbox 348 636 456 706; x_wconf 91' lang='lat' dir='ltr'>quibus</span> <span class='ocrx_word' id='word_1_34' title='bbox 469 637 554 708; x_wconf 89' lang='lat' dir='ltr'>quasi</span> <span class='ocrx_word' id='word_1_35' title='bbox 569 637 710 710; x_wconf 87' lang='lat' dir='ltr'>gradibus</span> <span class='ocrx_word' id='word_1_36' title='bbox 725 637 830 693; x_wconf 88' lang='lat' dir='ltr'>reverti</span> <span class='ocrx_word' id='word_1_37' title='bbox 845 637 880 692; x_wconf 88' lang='lat' dir='ltr'>ad</span> <span class='ocrx_word' id='word_1_38' title='bbox 891 634 987 691; x_wconf 89' lang='lat' dir='ltr'>Domi-</span> 
     </span>
     <span class='ocr_line' id='line_1_7' title="bbox 160 721 987 796; baseline 0 -18"><span class='ocrx_word' id='word_1_39' title='bbox 160 738 232 791; x_wconf 85' lang='lat' dir='ltr'>num</span> <span class='ocrx_word' id='word_1_40' title='bbox 247 721 278 778; x_wconf 87' lang='lat' dir='ltr'>iu</span> <span class='ocrx_word' id='word_1_41' title='bbox 294 723 370 779; x_wconf 91' lang='lat' dir='ltr'>edito</span> <span class='ocrx_word' id='word_1_42' title='bbox 386 726 515 796; x_wconf 90' lang='lat' dir='ltr'>positam</span> <span class='ocrx_word' id='word_1_43' title='bbox 530 731 558 782; x_wconf 87' lang='lat' dir='ltr'>te</span> <span class='ocrx_word' id='word_1_44' title='bbox 568 725 641 782; x_wconf 90' lang='lat' dir='ltr'>velle</span> <span class='ocrx_word' id='word_1_45' title='bbox 654 726 826 793; x_wconf 88' lang='lat' dir='ltr'>simulabas,</span> <span class='ocrx_word' id='word_1_46' title='bbox 837 729 914 781; x_wconf 91' lang='lat' dir='ltr'>rotro</span> <span class='ocrx_word' id='word_1_47' title='bbox 925 740 987 796; x_wconf 91' lang='lat' dir='ltr'>per·</span> 
     </span>
     <span class='ocr_line' id='line_1_8' title="bbox 159 809 987 888; baseline 0 -21"><span class='ocrx_word' id='word_1_48' title='bbox 159 809 220 884; x_wconf 89' lang='lat' dir='ltr'>gis;</span> <span class='ocrx_word' id='word_1_49' title='bbox 237 811 345 883; x_wconf 90' lang='lat' dir='ltr'>quique</span> <span class='ocrx_word' id='word_1_50' title='bbox 361 830 480 888; x_wconf 83' lang='lat' dir='ltr'><strong>surgere</strong></span> <span class='ocrx_word' id='word_1_51' title='bbox 496 818 523 871; x_wconf 90' lang='lat' dir='ltr'>te</span> <span class='ocrx_word' id='word_1_52' title='bbox 537 814 609 870; x_wconf 91' lang='lat' dir='ltr'>velle</span> <span class='ocrx_word' id='word_1_53' title='bbox 623 814 696 871; x_wconf 91' lang='lat' dir='ltr'>mihi</span> <span class='ocrx_word' id='word_1_54' title='bbox 711 812 909 880; x_wconf 79' lang='lat' dir='ltr'><strong>mentiebaris,</strong></span> <span class='ocrx_word' id='word_1_55' title='bbox 921 828 987 883; x_wconf 90' lang='lat' dir='ltr'>per·</span> 
     </span>
     <span class='ocr_line' id='line_1_9' title="bbox 160 899 986 976; baseline -0.001 -19"><span class='ocrx_word' id='word_1_56' title='bbox 160 899 261 971; x_wconf 84' lang='lat' dir='ltr'>spicue</span> <span class='ocrx_word' id='word_1_57' title='bbox 276 900 347 971; x_wconf 87' lang='lat' dir='ltr'>ruis,</span> <span class='ocrx_word' id='word_1_58' title='bbox 363 905 391 958; x_wconf 90' lang='lat' dir='ltr'>te</span> <span class='ocrx_word' id='word_1_59' title='bbox 416 904 451 959; x_wconf 92' lang='lat' dir='ltr'>de</span> <span class='ocrx_word' id='word_1_60' title='bbox 466 908 526 959; x_wconf 87' lang='lat' dir='ltr'>rete</span> <span class='ocrx_word' id='word_1_61' title='bbox 542 902 672 976; x_wconf 79' lang='lat' dir='ltr'>pristinae</span> <span class='ocrx_word' id='word_1_62' title='bbox 696 902 926 960; x_wconf 88' lang='lat' dir='ltr'>conversationis</span> <span class='ocrx_word' id='word_1_63' title='bbox 940 918 986 956; x_wconf 89' lang='lat' dir='ltr'>as·</span> 
     </span>
     <span class='ocr_line' id='line_1_10' title="bbox 161 991 844 1065; baseline 0 -17"><span class='ocrx_word' id='word_1_64' title='bbox 161 1004 272 1057; x_wconf 80' lang='lat' dir='ltr'>serens,</span> <span class='ocrx_word' id='word_1_65' title='bbox 289 991 391 1062; x_wconf 91' lang='lat' dir='ltr'>quanti</span> <span class='ocrx_word' id='word_1_66' title='bbox 408 992 504 1048; x_wconf 88' lang='lat' dir='ltr'>adhuc</span> <span class='ocrx_word' id='word_1_67' title='bbox 519 1010 583 1049; x_wconf 85' lang='lat' dir='ltr'>eam</span> <span class='ocrx_word' id='word_1_68' title='bbox 599 993 717 1060; x_wconf 87' lang='lat' dir='ltr'>babeas,</span> <span class='ocrx_word' id='word_1_69' title='bbox 734 992 844 1065; x_wconf 89' lang='lat' dir='ltr'>prodis,</span> 
     </span>
    </p>

    <p class='ocr_par' dir='ltr' id='par_1_6' title="bbox 162 1078 989 1419">
     <span class='ocr_line' id='line_1_11' title="bbox 196 1078 987 1154; baseline -0.001 -20"><span class='ocrx_word' id='word_1_70' title='bbox 196 1079 240 1134; x_wconf 81' lang='lat'>38.</span> <span class='ocrx_word' id='word_1_71' title='bbox 253 1079 308 1143; x_wconf 83' lang='lat' dir='ltr'>Sed</span> <span class='ocrx_word' id='word_1_72' title='bbox 329 1080 399 1152; x_wconf 93' lang='lat' dir='ltr'>quid</span> <span class='ocrx_word' id='word_1_73' title='bbox 415 1081 532 1154; x_wconf 82' lang='lat' dir='ltr'>magis?</span> <span class='ocrx_word' id='word_1_74' title='bbox 547 1081 621 1146; x_wconf 84' lang='lat' dir='ltr'>Quid</span> <span class='ocrx_word' id='word_1_75' title='bbox 637 1081 685 1137; x_wconf 90' lang='lat' dir='ltr'>alii</span> <span class='ocrx_word' id='word_1_76' title='bbox 702 1082 737 1137; x_wconf 93' lang='lat' dir='ltr'>de</span> <span class='ocrx_word' id='word_1_77' title='bbox 752 1086 781 1138; x_wconf 92' lang='lat' dir='ltr'>te</span> <span class='ocrx_word' id='word_1_78' title='bbox 796 1081 934 1146; x_wconf 88' lang='lat' dir='ltr'>sentiant,</span> <span class='ocrx_word' id='word_1_79' title='bbox 945 1078 987 1134; x_wconf 92' lang='lat' dir='ltr'>vi-</span> 
     </span>
     <span class='ocr_line' id='line_1_12' title="bbox 162 1165 988 1243; baseline 0.002 -21"><span class='ocrx_word' id='word_1_80' title='bbox 162 1165 271 1234; x_wconf 83' lang='lat' dir='ltr'>derint3</span> <span class='ocrx_word' id='word_1_81' title='bbox 288 1168 359 1224; x_wconf 91' lang='lat' dir='ltr'>mihi</span> <span class='ocrx_word' id='word_1_82' title='bbox 375 1169 482 1225; x_wconf 91' lang='lat' dir='ltr'>videris</span> <span class='ocrx_word' id='word_1_83' title='bbox 497 1171 579 1241; x_wconf 86' lang='lat' dir='ltr'>pejor</span> <span class='ocrx_word' id='word_1_84' title='bbox 593 1170 720 1243; x_wconf 90' lang='lat' dir='ltr'>pessimo</span> <span class='ocrx_word' id='word_1_85' title='bbox 737 1168 904 1226; x_wconf 82' lang='lat' dir='ltr'>istiusmodi</span> <span class='ocrx_word' id='word_1_86' title='bbox 919 1185 988 1225; x_wconf 92' lang='lat' dir='ltr'>con·</span> 
     </span>
     <span class='ocr_line' id='line_1_13' title="bbox 164 1254 989 1331; baseline 0 -20"><span class='ocrx_word' id='word_1_87' title='bbox 164 1254 300 1311; x_wconf 76' lang='lat' dir='ltr'>fessionis</span> <span class='ocrx_word' id='word_1_88' title='bbox 315 1261 487 1329; x_wconf 88' lang='lat' dir='ltr'>argumento</span> <span class='ocrx_word' id='word_1_89' title='bbox 511 1259 642 1324; x_wconf 84' lang='lat' dir='ltr'>effectus,</span> <span class='ocrx_word' id='word_1_90' title='bbox 659 1259 684 1314; x_wconf 89' lang='lat' dir='ltr'>si</span> <span class='ocrx_word' id='word_1_91' title='bbox 699 1259 776 1315; x_wconf 91' lang='lat' dir='ltr'>desit</span> <span class='ocrx_word' id='word_1_92' title='bbox 798 1275 850 1331; x_wconf 91' lang='lat' dir='ltr'>per</span> <span class='ocrx_word' id='word_1_93' title='bbox 871 1256 989 1312; x_wconf 89' lang='lat' dir='ltr'>miseri·</span> 
     </span>
     <span class='ocr_line' id='line_1_14' title="bbox 164 1342 988 1419; baseline 0.002 -21"><span class='ocrx_word' id='word_1_94' title='bbox 164 1342 294 1411; x_wconf 85' lang='lat' dir='ltr'>cordiam</span> <span class='ocrx_word' id='word_1_95' title='bbox 318 1343 368 1401; x_wconf 91' lang='lat' dir='ltr'>Dei</span> <span class='ocrx_word' id='word_1_96' title='bbox 397 1346 563 1414; x_wconf 87' lang='lat' dir='ltr'>donandus,</span> <span class='ocrx_word' id='word_1_97' title='bbox 588 1351 617 1404; x_wconf 91' lang='lat' dir='ltr'>et</span> <span class='ocrx_word' id='word_1_98' title='bbox 638 1348 675 1404; x_wconf 93' lang='lat' dir='ltr'>ob</span> <span class='ocrx_word' id='word_1_99' title='bbox 703 1347 732 1402; x_wconf 92' lang='lat' dir='ltr'>id</span> <span class='ocrx_word' id='word_1_100' title='bbox 763 1347 988 1419; x_wconf 74' lang='lat' dir='ltr'>absquoiuter-</span> 
     </span>
    </p>
   </div>
   <div class='ocr_carea' id='block_1_6' title="bbox 1040 540 1877 1417">
    <p class='ocr_par' dir='ltr' id='par_1_7' title="bbox 1040 540 1877 1417">
     <span class='ocr_line' id='line_1_15' title="bbox 1040 540 1869 619; baseline -0.005 -17"><span class='ocrx_word' id='word_1_101' title='bbox 1040 549 1068 602; x_wconf 91' lang='lat' dir='ltr'>et</span> <span class='ocrx_word' id='word_1_102' title='bbox 1077 562 1163 619; x_wconf 87' lang='lat' dir='ltr'>agere</span> <span class='ocrx_word' id='word_1_103' title='bbox 1178 561 1364 616; x_wconf 89' lang='lat' dir='ltr'>nequaquam</span> <span class='ocrx_word' id='word_1_104' title='bbox 1376 543 1582 599; x_wconf 79' lang='lat' dir='ltr'>dimittis‘ltlcd</span> <span class='ocrx_word' id='word_1_105' title='bbox 1599 540 1720 616; x_wconf 74' lang='lat' dir='ltr'>quiorsi</span> <span class='ocrx_word' id='word_1_106' title='bbox 1731 541 1869 610; x_wconf 87' lang='lat' dir='ltr'>dimittis,</span> 
     </span>
     <span class='ocr_line' id='line_1_16' title="bbox 1040 631 1874 704; baseline -0.004 -14"><span class='ocrx_word' id='word_1_107' title='bbox 1040 633 1280 690; x_wconf 87' lang='lat' dir='ltr'>deinobedientia</span> <span class='ocrx_word' id='word_1_108' title='bbox 1287 632 1448 704; x_wconf 87' lang='lat' dir='ltr'>judicaris;</span> <span class='ocrx_word' id='word_1_109' title='bbox 1462 633 1531 704; x_wconf 88' lang='lat' dir='ltr'>quia</span> <span class='ocrx_word' id='word_1_110' title='bbox 1541 631 1618 688; x_wconf 89' lang='lat' dir='ltr'>euim</span> <span class='ocrx_word' id='word_1_111' title='bbox 1629 632 1750 688; x_wconf 90' lang='lat' dir='ltr'>sortitus</span> <span class='ocrx_word' id='word_1_112' title='bbox 1759 648 1874 704; x_wconf 90' lang='lat' dir='ltr'>esquo·</span> 
     </span>
     <span class='ocr_line' id='line_1_17' title="bbox 1041 718 1873 797; baseline -0.005 -18"><span class='ocrx_word' id='word_1_113' title='bbox 1041 740 1097 797; x_wconf 93' lang='lat' dir='ltr'>quo</span> <span class='ocrx_word' id='word_1_114' title='bbox 1113 723 1199 778; x_wconf 91' lang='lat' dir='ltr'>modo</span> <span class='ocrx_word' id='word_1_115' title='bbox 1216 722 1426 791; x_wconf 77' lang='lat' dir='ltr'>ministerium,</span> <span class='ocrx_word' id='word_1_116' title='bbox 1437 721 1597 777; x_wconf 78' lang='lat' dir='ltr'>necessitas</span> <span class='ocrx_word' id='word_1_117' title='bbox 1612 721 1665 776; x_wconf 91' lang='lat' dir='ltr'>tibi</span> <span class='ocrx_word' id='word_1_118' title='bbox 1677 720 1824 777; x_wconf 74' lang='lat' dir='ltr'>incumbit</span> <span class='ocrx_word' id='word_1_119' title='bbox 1838 718 1873 775; x_wconf 91' lang='lat' dir='ltr'>il-</span> 
     </span>
     <span class='ocr_line' id='line_1_18' title="bbox 1040 808 1875 883; baseline -0.002 -16"><span class='ocrx_word' id='word_1_120' title='bbox 1040 811 1090 868; x_wconf 89' lang='lat' dir='ltr'>lud</span> <span class='ocrx_word' id='word_1_121' title='bbox 1102 811 1225 883; x_wconf 81' lang='lat' dir='ltr'>explere,</span> <span class='ocrx_word' id='word_1_122' title='bbox 1238 827 1275 866; x_wconf 92' lang='lat' dir='ltr'>ne</span> <span class='ocrx_word' id='word_1_123' title='bbox 1285 811 1315 865; x_wconf 95' lang='lat' dir='ltr'>in</span> <span class='ocrx_word' id='word_1_124' title='bbox 1323 811 1468 882; x_wconf 89' lang='lat' dir='ltr'>judicium</span> <span class='ocrx_word' id='word_1_125' title='bbox 1480 810 1575 883; x_wconf 90' lang='lat' dir='ltr'>magis</span> <span class='ocrx_word' id='word_1_126' title='bbox 1589 826 1678 882; x_wconf 87' lang='lat' dir='ltr'>quam</span> <span class='ocrx_word' id='word_1_127' title='bbox 1693 808 1723 864; x_wconf 92' lang='lat' dir='ltr'>in</span> <span class='ocrx_word' id='word_1_128' title='bbox 1740 808 1875 865; x_wconf 88' lang='lat' dir='ltr'>ministo-</span> 
     </span>
     <span class='ocr_line' id='line_1_19' title="bbox 1041 897 1874 972; baseline -0.004 -16"><span class='ocrx_word' id='word_1_129' title='bbox 1041 900 1117 956; x_wconf 93' lang='lat' dir='ltr'>rium</span> <span class='ocrx_word' id='word_1_130' title='bbox 1134 900 1206 956; x_wconf 92' lang='lat' dir='ltr'>illud</span> <span class='ocrx_word' id='word_1_131' title='bbox 1220 899 1346 956; x_wconf 91' lang='lat' dir='ltr'>videaris</span> <span class='ocrx_word' id='word_1_132' title='bbox 1362 899 1483 957; x_wconf 91' lang='lat' dir='ltr'>sortitus</span> <span class='ocrx_word' id='word_1_133' title='bbox 1500 899 1600 955; x_wconf 83' lang='lat' dir='ltr'>luisse.</span> <span class='ocrx_word' id='word_1_134' title='bbox 1615 899 1674 955; x_wconf 90' lang='lat' dir='ltr'>Hoc</span> <span class='ocrx_word' id='word_1_135' title='bbox 1689 898 1779 972; x_wconf 90' lang='lat' dir='ltr'>igitur</span> <span class='ocrx_word' id='word_1_136' title='bbox 1793 897 1874 954; x_wconf 88' lang='lat' dir='ltr'>bivio</span> 
     </span>
     <span class='ocr_line' id='line_1_20' title="bbox 1040 986 1872 1062; baseline -0.004 -17"><span class='ocrx_word' id='word_1_137' title='bbox 1040 989 1219 1062; x_wconf 87' lang='lat' dir='ltr'>interceptus</span> <span class='ocrx_word' id='word_1_138' title='bbox 1235 1006 1325 1062; x_wconf 92' lang='lat' dir='ltr'>quam</span> <span class='ocrx_word' id='word_1_139' title='bbox 1343 987 1535 1061; x_wconf 79' lang='lat' dir='ltr'>desperabilis</span> <span class='ocrx_word' id='word_1_140' title='bbox 1552 988 1594 1043; x_wconf 89' lang='lat' dir='ltr'>sis</span> <span class='ocrx_word' id='word_1_141' title='bbox 1610 991 1699 1058; x_wconf 89' lang='lat' dir='ltr'>atque</span> <span class='ocrx_word' id='word_1_142' title='bbox 1713 986 1872 1055; x_wconf 90' lang='lat' dir='ltr'>dolendus,</span> 
     </span>
     <span class='ocr_line' id='line_1_21' title="bbox 1042 1074 1876 1150; baseline -0.005 -15"><span class='ocrx_word' id='word_1_143' title='bbox 1042 1078 1209 1135; x_wconf 89' lang='lat' dir='ltr'>consideres</span> <span class='ocrx_word' id='word_1_144' title='bbox 1224 1095 1323 1150; x_wconf 79' lang='lat' dir='ltr'>quasa</span> <span class='ocrx_word' id='word_1_145' title='bbox 1340 1075 1494 1134; x_wconf 89' lang='lat' dir='ltr'>sollicitus.</span> <span class='ocrx_word' id='word_1_146' title='bbox 1508 1075 1569 1133; x_wconf 91' lang='lat' dir='ltr'>Nisi</span> <span class='ocrx_word' id='word_1_147' title='bbox 1582 1092 1649 1132; x_wconf 93' lang='lat' dir='ltr'>vero</span> <span class='ocrx_word' id='word_1_148' title='bbox 1664 1080 1695 1131; x_wconf 85' lang='lat' dir='ltr'>tu</span> <span class='ocrx_word' id='word_1_149' title='bbox 1711 1074 1789 1131; x_wconf 88' lang='lat' dir='ltr'>idem</span> <span class='ocrx_word' id='word_1_150' title='bbox 1806 1091 1876 1131; x_wconf 89' lang='lat' dir='ltr'>cou-</span> 
     </span>
     <span class='ocr_line' id='line_1_22' title="bbox 1043 1164 1875 1240; baseline -0.007 -16"><span class='ocrx_word' id='word_1_151' title='bbox 1043 1167 1117 1224; x_wconf 87' lang='lat' dir='ltr'>literi</span> <span class='ocrx_word' id='word_1_152' title='bbox 1133 1167 1336 1240; x_wconf 80' lang='lat' dir='ltr'>anticipasses,</span> <span class='ocrx_word' id='word_1_153' title='bbox 1348 1183 1463 1222; x_wconf 87' lang='lat' dir='ltr'>vererer</span> <span class='ocrx_word' id='word_1_154' title='bbox 1477 1169 1586 1233; x_wconf 88' lang='lat' dir='ltr'>tamen,</span> <span class='ocrx_word' id='word_1_155' title='bbox 1599 1181 1634 1221; x_wconf 93' lang='lat' dir='ltr'>ne</span> <span class='ocrx_word' id='word_1_156' title='bbox 1649 1164 1772 1221; x_wconf 89' lang='lat' dir='ltr'>subdole</span> <span class='ocrx_word' id='word_1_157' title='bbox 1785 1165 1875 1237; x_wconf 90' lang='lat' dir='ltr'>quid·</span> 
     </span>
     <span class='ocr_line' id='line_1_23' title="bbox 1043 1252 1877 1328; baseline -0.005 -17"><span class='ocrx_word' id='word_1_158' title='bbox 1043 1255 1114 1328; x_wconf 85' lang='lat' dir='ltr'>quid</span> <span class='ocrx_word' id='word_1_159' title='bbox 1130 1255 1287 1328; x_wconf 82' lang='lat' dir='ltr'>Gregorius</span> <span class='ocrx_word' id='word_1_160' title='bbox 1301 1258 1402 1311; x_wconf 92' lang='lat' dir='ltr'>contra</span> <span class='ocrx_word' id='word_1_161' title='bbox 1415 1254 1565 1327; x_wconf 89' lang='lat' dir='ltr'>reprobos,</span> <span class='ocrx_word' id='word_1_162' title='bbox 1576 1252 1772 1321; x_wconf 88' lang='lat' dir='ltr'>simulatores,</span> <span class='ocrx_word' id='word_1_163' title='bbox 1784 1258 1877 1315; x_wconf 81' lang='lat' dir='ltr'>etar-</span> 
     </span>
     <span class='ocr_line' id='line_1_24' title="bbox 1043 1341 1876 1417; baseline -0.005 -17"><span class='ocrx_word' id='word_1_164' title='bbox 1043 1348 1179 1417; x_wconf 89' lang='lat' dir='ltr'>rogantes</span> <span class='ocrx_word' id='word_1_165' title='bbox 1194 1343 1224 1399; x_wconf 92' lang='lat' dir='ltr'>iu</span> <span class='ocrx_word' id='word_1_166' title='bbox 1240 1343 1400 1400; x_wconf 88' lang='lat' dir='ltr'>Moralibus</span> <span class='ocrx_word' id='word_1_167' title='bbox 1422 1343 1563 1416; x_wconf 89' lang='lat' dir='ltr'>loquitur,</span> <span class='ocrx_word' id='word_1_168' title='bbox 1580 1341 1713 1399; x_wconf 86' lang='lat' dir='ltr'>absolute</span> <span class='ocrx_word' id='word_1_169' title='bbox 1733 1341 1789 1398; x_wconf 92' lang='lat' dir='ltr'>tibi</span> <span class='ocrx_word' id='word_1_170' title='bbox 1803 1357 1876 1398; x_wconf 88' lang='lat' dir='ltr'>con·</span> 
     </span>
    </p>
   </div>
   <div class='ocr_carea' id='block_1_7' title="bbox 76 1430 1918 5593">
    <p class='ocr_par' dir='ltr' id='par_1_8' title="bbox 76 1430 1918 5593">
     <span class='ocr_line' id='line_1_25' title="bbox 164 1430 1876 1508; baseline 0 -21"><span class='ocrx_word' id='word_1_171' title='bbox 164 1432 305 1489; x_wconf 84' lang='lat' dir='ltr'>missione</span> <span class='ocrx_word' id='word_1_172' title='bbox 328 1434 364 1490; x_wconf 93' lang='lat' dir='ltr'>ab</span> <span class='ocrx_word' id='word_1_173' title='bbox 388 1452 421 1490; x_wconf 91' lang='lat' dir='ltr'>eo</span> <span class='ocrx_word' id='word_1_174' title='bbox 445 1436 592 1508; x_wconf 78' lang='lat' dir='ltr'>quarendi</span> <span class='ocrx_word' id='word_1_175' title='bbox 613 1437 644 1508; x_wconf 88' lang='lat' dir='ltr'>[l.</span> <span class='ocrx_word' id='word_1_176' title='bbox 661 1437 847 1508; x_wconf 80' lang='lat' dir='ltr'>quarendus]</span> <span class='ocrx_word' id='word_1_177' title='bbox 870 1434 991 1492; x_wconf 89' lang='lat' dir='ltr'>interior</span> <span class='ocrx_word' id='word_1_178' title='bbox 1042 1433 1140 1490; x_wconf 89' lang='lat' dir='ltr'>venire</span> <span class='ocrx_word' id='word_1_179' title='bbox 1164 1432 1334 1505; x_wconf 85' lang='lat' dir='ltr'>proferrem.</span> <span class='ocrx_word' id='word_1_180' title='bbox 1346 1432 1562 1506; x_wconf 76' lang='lat' dir='ltr'>loquacitatem</span> <span class='ocrx_word' id='word_1_181' title='bbox 1587 1432 1696 1505; x_wconf 88' lang='lat' dir='ltr'>quippe</span> <span class='ocrx_word' id='word_1_182' title='bbox 1719 1430 1778 1487; x_wconf 81' lang='lat' dir='ltr'>tua</span> <span class='ocrx_word' id='word_1_183' title='bbox 1803 1446 1876 1487; x_wconf 89' lang='lat' dir='ltr'>con·</span> 
     </span>
     <span class='ocr_line' id='line_1_26' title="bbox 163 1519 1874 1596; baseline -0.002 -16"><span class='ocrx_word' id='word_1_184' title='bbox 163 1522 478 1596; x_wconf 81' lang='lat' dir='ltr'>etcontinuus,que1n</span> <span class='ocrx_word' id='word_1_185' title='bbox 500 1526 553 1581; x_wconf 88' lang='lat' dir='ltr'>tibi</span> <span class='ocrx_word' id='word_1_186' title='bbox 570 1543 627 1582; x_wconf 92' lang='lat' dir='ltr'>non</span> <span class='ocrx_word' id='word_1_187' title='bbox 653 1543 717 1584; x_wconf 91' lang='lat' dir='ltr'>esse</span> <span class='ocrx_word' id='word_1_188' title='bbox 740 1531 768 1583; x_wconf 92' lang='lat' dir='ltr'>et</span> <span class='ocrx_word' id='word_1_189' title='bbox 791 1524 937 1583; x_wconf 83' lang='lat' dir='ltr'>confiteris</span> <span class='ocrx_word' id='word_1_190' title='bbox 961 1528 990 1580; x_wconf 90' lang='lat' dir='ltr'>et</span> <span class='ocrx_word' id='word_1_191' title='bbox 1044 1522 1177 1578; x_wconf 85' lang='lat' dir='ltr'>siderare</span> <span class='ocrx_word' id='word_1_192' title='bbox 1207 1522 1390 1596; x_wconf 75' lang='lat' dir='ltr'>arrogantius,</span> <span class='ocrx_word' id='word_1_193' title='bbox 1418 1521 1483 1577; x_wconf 90' lang='lat' dir='ltr'>Eliu</span> <span class='ocrx_word' id='word_1_194' title='bbox 1513 1521 1598 1593; x_wconf 90' lang='lat' dir='ltr'>quasi</span> <span class='ocrx_word' id='word_1_195' title='bbox 1626 1519 1714 1576; x_wconf 90' lang='lat' dir='ltr'>audio</span> <span class='ocrx_word' id='word_1_196' title='bbox 1743 1519 1841 1575; x_wconf 87' lang='lat' dir='ltr'>dicere</span> <span class='ocrx_word' id='word_1_197' title='bbox 1867 1535 1874 1576; x_wconf 92' lang='lat'><strong>:</strong></span> 
     </span>
     <span class='ocr_line' id='line_1_27' title="bbox 161 1609 1878 1686; baseline -0.001 -20"><span class='ocrx_word' id='word_1_198' title='bbox 161 1609 257 1681; x_wconf 91' lang='lat' dir='ltr'>video,</span> <span class='ocrx_word' id='word_1_199' title='bbox 273 1614 410 1686; x_wconf 86' lang='lat' dir='ltr'>gemitus.</span> <span class='ocrx_word' id='word_1_200' title='bbox 427 1615 457 1672; x_wconf 85' lang='lat' dir='ltr'>Si</span> <span class='ocrx_word' id='word_1_201' title='bbox 472 1617 550 1672; x_wconf 90' lang='lat' dir='ltr'>enim</span> <span class='ocrx_word' id='word_1_202' title='bbox 564 1617 713 1674; x_wconf 91' lang='lat' dir='ltr'>dormiens</span> <span class='ocrx_word' id='word_1_203' title='bbox 728 1617 767 1672; x_wconf 94' lang='lat' dir='ltr'>nil</span> <span class='ocrx_word' id='word_1_204' title='bbox 780 1617 868 1684; x_wconf 89' lang='lat' dir='ltr'>videt,</span> <span class='ocrx_word' id='word_1_205' title='bbox 880 1621 926 1672; x_wconf 89' lang='lat' dir='ltr'>est</span> <span class='ocrx_word' id='word_1_206' title='bbox 937 1615 991 1670; x_wconf 87' lang='lat' dir='ltr'>uti·</span> <span class='ocrx_word' id='word_1_207' title='bbox 1045 1612 1122 1669; x_wconf 69' lang='lat'>290</span> <span class='ocrx_word' id='word_1_208' title='bbox 1136 1613 1238 1668; x_wconf 83' lang='lat' dir='ltr'>Plenus</span> <span class='ocrx_word' id='word_1_209' title='bbox 1261 1629 1320 1667; x_wconf 84' lang='lat' dir='ltr'>sam</span> <span class='ocrx_word' id='word_1_210' title='bbox 1346 1611 1525 1677; x_wconf 70' lang='lat' dir='ltr'>sermonibus,</span> <span class='ocrx_word' id='word_1_211' title='bbox 1542 1615 1568 1666; x_wconf 88' lang='lat' dir='ltr'>ct</span> <span class='ocrx_word' id='word_1_212' title='bbox 1589 1613 1711 1668; x_wconf 83' lang='lat' dir='ltr'>coarctet</span> <span class='ocrx_word' id='word_1_213' title='bbox 1729 1625 1775 1666; x_wconf 77' lang='lat' dir='ltr'>rrae</span> <span class='ocrx_word' id='word_1_214' title='bbox 1789 1609 1878 1682; x_wconf 72' lang='lat' dir='ltr'>spiri-</span> 
     </span>
     <span class='ocr_line' id='line_1_28' title="bbox 163 1698 1875 1778; baseline -0.002 -21"><span class='ocrx_word' id='word_1_215' title='bbox 163 1716 220 1775; x_wconf 88' lang='lat' dir='ltr'>que</span> <span class='ocrx_word' id='word_1_216' title='bbox 236 1703 382 1772; x_wconf 82' lang='lat' dir='ltr'>naturale3</span> <span class='ocrx_word' id='word_1_217' title='bbox 396 1704 563 1777; x_wconf 89' lang='lat' dir='ltr'>vigilantem</span> <span class='ocrx_word' id='word_1_218' title='bbox 575 1705 649 1778; x_wconf 84' lang='grc'>(592)</span> <span class='ocrx_word' id='word_1_219' title='bbox 660 1723 726 1762; x_wconf 91' lang='lat' dir='ltr'>vero</span> <span class='ocrx_word' id='word_1_220' title='bbox 743 1709 775 1760; x_wconf 92' lang='lat' dir='ltr'>ut</span> <span class='ocrx_word' id='word_1_221' title='bbox 789 1709 904 1762; x_wconf 89' lang='lat' dir='ltr'>constat</span> <span class='ocrx_word' id='word_1_222' title='bbox 913 1705 990 1761; x_wconf 69' lang='lat'>280</span> <span class='ocrx_word' id='word_1_223' title='bbox 1045 1709 1088 1758; x_wconf 81' lang='lat' dir='ltr'>tas</span> <span class='ocrx_word' id='word_1_224' title='bbox 1098 1702 1171 1756; x_wconf 72' lang='lat' dir='ltr'>reteri</span> <span class='ocrx_word' id='word_1_225' title='bbox 1181 1704 1246 1769; x_wconf 86' lang='lat' dir='ltr'>mei,</span> <span class='ocrx_word' id='word_1_226' title='bbox 1257 1718 1291 1757; x_wconf 78' lang='lat' dir='ltr'>ers</span> <span class='ocrx_word' id='word_1_227' title='bbox 1300 1705 1396 1756; x_wconf 82' lang='lat' dir='ltr'>ventas</span> <span class='ocrx_word' id='word_1_228' title='bbox 1412 1701 1444 1771; x_wconf 82' lang='grc' dir='ltr'>(ἱ.</span> <span class='ocrx_word' id='word_1_229' title='bbox 1455 1698 1565 1773; x_wconf 83' lang='lat' dir='ltr'>venter]</span> <span class='ocrx_word' id='word_1_230' title='bbox 1575 1715 1651 1756; x_wconf 79' lang='lat' dir='ltr'>oseas</span> <span class='ocrx_word' id='word_1_231' title='bbox 1663 1700 1875 1772; x_wconf 73' lang='lat' dir='ltr'>quasimastam</span> 
     </span>
     <span class='ocr_line' id='line_1_29' title="bbox 164 1788 1873 1867; baseline -0.001 -23"><span class='ocrx_word' id='word_1_232' title='bbox 164 1788 273 1861; x_wconf 89' lang='lat' dir='ltr'>videre,</span> <span class='ocrx_word' id='word_1_233' title='bbox 289 1790 330 1848; x_wconf 87' lang='lat' dir='ltr'>ita</span> <span class='ocrx_word' id='word_1_234' title='bbox 351 1797 379 1849; x_wconf 91' lang='lat' dir='ltr'>et</span> <span class='ocrx_word' id='word_1_235' title='bbox 403 1811 457 1849; x_wconf 89' lang='lat' dir='ltr'>sua</span> <span class='ocrx_word' id='word_1_236' title='bbox 489 1795 606 1862; x_wconf 80' lang='lat' dir='ltr'>referre,</span> <span class='ocrx_word' id='word_1_237' title='bbox 627 1793 651 1850; x_wconf 91' lang='lat' dir='ltr'>si</span> <span class='ocrx_word' id='word_1_238' title='bbox 675 1794 912 1867; x_wconf 88' lang='lat' dir='ltr'>interemptorem</span> <span class='ocrx_word' id='word_1_239' title='bbox 945 1793 991 1850; x_wconf 88' lang='lat' dir='ltr'>sui</span> <span class='ocrx_word' id='word_1_240' title='bbox 1044 1789 1143 1862; x_wconf 83' lang='lat' dir='ltr'>absque</span> <span class='ocrx_word' id='word_1_241' title='bbox 1163 1790 1396 1863; x_wconf 84' lang='lat' dir='ltr'>spiracalo,quod</span> <span class='ocrx_word' id='word_1_242' title='bbox 1419 1789 1582 1861; x_wconf 70' lang='lat' dir='ltr'>lepusculos</span> <span class='ocrx_word' id='word_1_243' title='bbox 1606 1805 1689 1846; x_wconf 81' lang='lat' dir='ltr'>nouos</span> <span class='ocrx_word' id='word_1_244' title='bbox 1712 1788 1873 1860; x_wconf 61' lang='lat' dir='ltr'>disrumpit,</span> 
     </span>
     <span class='ocr_line' id='line_1_30' title="bbox 164 1875 1873 1957; baseline 0.001 -24"><span class='ocrx_word' id='word_1_245' title='bbox 164 1893 263 1935; x_wconf 89' lang='lat' dir='ltr'>coram</span> <span class='ocrx_word' id='word_1_246' title='bbox 279 1896 310 1935; x_wconf 90' lang='lat' dir='ltr'>ss</span> <span class='ocrx_word' id='word_1_247' title='bbox 325 1882 455 1952; x_wconf 89' lang='lat' dir='ltr'>positum</span> <span class='ocrx_word' id='word_1_248' title='bbox 480 1882 603 1957; x_wconf 76' lang='lat' dir='ltr'>negligit</span> <span class='ocrx_word' id='word_1_249' title='bbox 624 1882 992 1956; x_wconf 72' lang='lat' dir='ltr'>declinaretiuantosigi·</span> <span class='ocrx_word' id='word_1_250' title='bbox 1047 1879 1143 1951; x_wconf 80' lang='lat' dir='ltr'>loquar</span> <span class='ocrx_word' id='word_1_251' title='bbox 1167 1884 1193 1935; x_wconf 86' lang='lat' dir='ltr'>et</span> <span class='ocrx_word' id='word_1_252' title='bbox 1217 1880 1354 1952; x_wconf 78' lang='lat' dir='ltr'>respirabo</span> <span class='ocrx_word' id='word_1_253' title='bbox 1380 1881 1528 1951; x_wconf 81' lang='lat' dir='ltr'>paulatum</span> <span class='ocrx_word' id='word_1_254' title='bbox 1549 1879 1606 1951; x_wconf 72' lang='lat' dir='ltr'>(iob</span> <span class='ocrx_word' id='word_1_255' title='bbox 1627 1875 1873 1950; x_wconf 76' lang='lat' dir='ltr'>m111,18.)sod</span> 
     </span>
     <span class='ocr_line' id='line_1_31' title="bbox 163 1965 1874 2045; baseline 0.001 -24"><span class='ocrx_word' id='word_1_256' title='bbox 163 1969 213 2021; x_wconf 91' lang='lat' dir='ltr'>tur</span> <span class='ocrx_word' id='word_1_257' title='bbox 228 1966 330 2023; x_wconf 85' lang='lat' dir='ltr'>anima</span> <span class='ocrx_word' id='word_1_258' title='bbox 346 1973 402 2025; x_wconf 88' lang='lat' dir='ltr'>tuoe</span> <span class='ocrx_word' id='word_1_259' title='bbox 423 1972 611 2028; x_wconf 88' lang='lat' dir='ltr'>subversores</span> <span class='ocrx_word' id='word_1_260' title='bbox 627 1976 694 2027; x_wconf 89' lang='lat' dir='ltr'>ante</span> <span class='ocrx_word' id='word_1_261' title='bbox 709 1977 737 2028; x_wconf 91' lang='lat' dir='ltr'>te</span> <span class='ocrx_word' id='word_1_262' title='bbox 757 1971 865 2029; x_wconf 90' lang='lat' dir='ltr'>habeas</span> <span class='ocrx_word' id='word_1_263' title='bbox 881 1972 992 2045; x_wconf 90' lang='lat' dir='ltr'>positos</span> <span class='ocrx_word' id='word_1_264' title='bbox 1047 1967 1173 2025; x_wconf 88' lang='lat' dir='ltr'>multum</span> <span class='ocrx_word' id='word_1_265' title='bbox 1190 1970 1280 2025; x_wconf 90' lang='lat' dir='ltr'>vereri</span> <span class='ocrx_word' id='word_1_266' title='bbox 1304 1974 1365 2026; x_wconf 89' lang='lat' dir='ltr'>tam</span> <span class='ocrx_word' id='word_1_267' title='bbox 1381 1973 1411 2025; x_wconf 92' lang='lat' dir='ltr'>tu</span> <span class='ocrx_word' id='word_1_268' title='bbox 1436 1969 1590 2032; x_wconf 83' lang='lat' dir='ltr'>debueras,</span> <span class='ocrx_word' id='word_1_269' title='bbox 1602 1983 1691 2039; x_wconf 89' lang='lat' dir='ltr'>quam</span> <span class='ocrx_word' id='word_1_270' title='bbox 1715 1965 1874 2039; x_wconf 84' lang='lat' dir='ltr'>complices</span> 
     </span>
     <span class='ocr_line' id='line_1_32' title="bbox 164 2054 1874 2134; baseline 0.002 -24"><span class='ocrx_word' id='word_1_271' title='bbox 164 2054 271 2123; x_wconf 87' lang='lat' dir='ltr'>cernis,</span> <span class='ocrx_word' id='word_1_272' title='bbox 283 2060 314 2112; x_wconf 89' lang='lat' dir='ltr'>et</span> <span class='ocrx_word' id='word_1_273' title='bbox 331 2057 477 2118; x_wconf 88' lang='lat' dir='ltr'>declinare</span> <span class='ocrx_word' id='word_1_274' title='bbox 500 2059 651 2116; x_wconf 88' lang='lat' dir='ltr'>interitum</span> <span class='ocrx_word' id='word_1_275' title='bbox 676 2063 818 2134; x_wconf 88' lang='lat' dir='ltr'>gemendo</span> <span class='ocrx_word' id='word_1_276' title='bbox 835 2062 949 2129; x_wconf 89' lang='lat' dir='ltr'>saltam,</span> <span class='ocrx_word' id='word_1_277' title='bbox 967 2061 992 2117; x_wconf 91' lang='lat' dir='ltr'>si</span> <span class='ocrx_word' id='word_1_278' title='bbox 1046 2056 1077 2112; x_wconf 90' lang='lat' dir='ltr'>io</span> <span class='ocrx_word' id='word_1_279' title='bbox 1093 2056 1264 2128; x_wconf 86' lang='lat' dir='ltr'>hujusmodi</span> <span class='ocrx_word' id='word_1_280' title='bbox 1274 2057 1327 2125; x_wconf 92' lang='lat' dir='ltr'>tui,</span> <span class='ocrx_word' id='word_1_281' title='bbox 1339 2057 1391 2130; x_wconf 90' lang='lat' dir='ltr'>qui</span> <span class='ocrx_word' id='word_1_282' title='bbox 1400 2058 1470 2113; x_wconf 92' lang='lat' dir='ltr'>dum</span> <span class='ocrx_word' id='word_1_283' title='bbox 1484 2055 1615 2112; x_wconf 86' lang='lat' dir='ltr'>aemulari</span> <span class='ocrx_word' id='word_1_284' title='bbox 1625 2054 1874 2128; x_wconf 81' lang='lat' dir='ltr'>eloquentescon·</span> 
     </span>
     <span class='ocr_line' id='line_1_33' title="bbox 164 2142 1875 2224; baseline 0.004 -27"><span class='ocrx_word' id='word_1_285' title='bbox 164 2142 307 2217; x_wconf 86' lang='lat' dir='ltr'>condigne</span> <span class='ocrx_word' id='word_1_286' title='bbox 323 2146 488 2218; x_wconf 83' lang='lat' dir='ltr'>poeaitendo</span> <span class='ocrx_word' id='word_1_287' title='bbox 504 2164 562 2204; x_wconf 92' lang='lat' dir='ltr'>non</span> <span class='ocrx_word' id='word_1_288' title='bbox 577 2149 665 2215; x_wconf 90' lang='lat' dir='ltr'>vales,</span> <span class='ocrx_word' id='word_1_289' title='bbox 682 2149 817 2224; x_wconf 87' lang='lat' dir='ltr'>negligis,</span> <span class='ocrx_word' id='word_1_290' title='bbox 829 2157 858 2207; x_wconf 88' lang='lat' dir='ltr'>et</span> <span class='ocrx_word' id='word_1_291' title='bbox 872 2168 919 2208; x_wconf 91' lang='lat' dir='ltr'>me</span> <span class='ocrx_word' id='word_1_292' title='bbox 934 2166 991 2207; x_wconf 91' lang='lat' dir='ltr'>non</span> <span class='ocrx_word' id='word_1_293' title='bbox 1046 2146 1166 2203; x_wconf 84' lang='lat' dir='ltr'>tenditis</span> <span class='ocrx_word' id='word_1_294' title='bbox 1176 2146 1358 2220; x_wconf 88' lang='lat' dir='ltr'>vaniloquos,</span> <span class='ocrx_word' id='word_1_295' title='bbox 1370 2145 1528 2203; x_wconf 89' lang='lat' dir='ltr'>imitamiui</span> <span class='ocrx_word' id='word_1_296' title='bbox 1539 2144 1633 2219; x_wconf 89' lang='lat' dir='ltr'>magis</span> <span class='ocrx_word' id='word_1_297' title='bbox 1643 2144 1875 2219; x_wconf 81' lang='lat' dir='ltr'>philosophosot</span> 
     </span>
     <span class='ocr_line' id='line_1_34' title="bbox 164 2231 1872 2310; baseline 0.001 -21"><span class='ocrx_word' id='word_1_298' title='bbox 164 2231 200 2289; x_wconf 89' lang='lat' dir='ltr'>de</span> <span class='ocrx_word' id='word_1_299' title='bbox 215 2236 243 2288; x_wconf 89' lang='lat' dir='ltr'>te</span> <span class='ocrx_word' id='word_1_300' title='bbox 259 2234 420 2308; x_wconf 86' lang='lat' dir='ltr'>desperare</span> <span class='ocrx_word' id='word_1_301' title='bbox 444 2237 596 2310; x_wconf 88' lang='lat' dir='ltr'>compellis</span> <span class='ocrx_word' id='word_1_302' title='bbox 607 2239 692 2310; x_wconf 84' lang='grc'>(593).</span> <span class='ocrx_word' id='word_1_303' title='bbox 704 2240 779 2304; x_wconf 85' lang='lat' dir='ltr'>Quid</span> <span class='ocrx_word' id='word_1_304' title='bbox 801 2240 879 2296; x_wconf 92' lang='lat' dir='ltr'>enim</span> <span class='ocrx_word' id='word_1_305' title='bbox 904 2238 994 2296; x_wconf 90' lang='lat' dir='ltr'>miser</span> <span class='ocrx_word' id='word_1_306' title='bbox 1047 2235 1205 2308; x_wconf 84' lang='lat' dir='ltr'>sequimini</span> <span class='ocrx_word' id='word_1_307' title='bbox 1220 2236 1435 2309; x_wconf 90' lang='lat' dir='ltr'>philopompos,</span> <span class='ocrx_word' id='word_1_308' title='bbox 1447 2235 1541 2292; x_wconf 86' lang='lat' dir='ltr'>notari</span> <span class='ocrx_word' id='word_1_309' title='bbox 1555 2234 1586 2291; x_wconf 93' lang='lat' dir='ltr'>in</span> <span class='ocrx_word' id='word_1_310' title='bbox 1602 2251 1659 2290; x_wconf 91' lang='lat' dir='ltr'>uno</span> <span class='ocrx_word' id='word_1_311' title='bbox 1674 2250 1733 2290; x_wconf 90' lang='lat' dir='ltr'>oon</span> <span class='ocrx_word' id='word_1_312' title='bbox 1747 2249 1872 2308; x_wconf 87' lang='lat' dir='ltr'>vesper-</span> 
     </span>
     <span class='ocr_line' id='line_1_35' title="bbox 163 2322 1874 2401; baseline 0.007 -25"><span class='ocrx_word' id='word_1_313' title='bbox 163 2325 250 2394; x_wconf 88' lang='lat' dir='ltr'>putas</span> <span class='ocrx_word' id='word_1_314' title='bbox 260 2325 398 2395; x_wconf 88' lang='lat' dir='ltr'>prodesse</span> <span class='ocrx_word' id='word_1_315' title='bbox 409 2344 472 2400; x_wconf 84' lang='lat' dir='ltr'>quoe</span> <span class='ocrx_word' id='word_1_316' title='bbox 485 2328 570 2400; x_wconf 84' lang='grc'>(594),</span> <span class='ocrx_word' id='word_1_317' title='bbox 580 2328 736 2384; x_wconf 88' lang='lat' dir='ltr'>immineat</span> <span class='ocrx_word' id='word_1_318' title='bbox 746 2330 881 2401; x_wconf 90' lang='lat' dir='ltr'>crevisse,</span> <span class='ocrx_word' id='word_1_319' title='bbox 892 2331 916 2387; x_wconf 90' lang='lat' dir='ltr'>si</span> <span class='ocrx_word' id='word_1_320' title='bbox 928 2346 995 2386; x_wconf 91' lang='lat' dir='ltr'>con.</span> <span class='ocrx_word' id='word_1_321' title='bbox 1047 2325 1216 2396; x_wconf 62' lang='lat' dir='ltr'>pessdssnitit</span> <span class='ocrx_word' id='word_1_322' title='bbox 1228 2343 1295 2381; x_wconf 91' lang='lat' dir='ltr'>cum</span> <span class='ocrx_word' id='word_1_323' title='bbox 1310 2326 1368 2388; x_wconf 75' lang='lat' dir='ltr'>diei</span> <span class='ocrx_word' id='word_1_324' title='bbox 1384 2323 1492 2380; x_wconf 69' lang='lat' dir='ltr'>audilis</span> <span class='ocrx_word' id='word_1_325' title='bbox 1509 2340 1516 2379; x_wconf 88' lang='lat'>:</span> <span class='ocrx_word' id='word_1_326' title='bbox 1533 2323 1639 2380; x_wconf 60' lang='lat' dir='ltr'>sibilus</span> <span class='ocrx_word' id='word_1_327' title='bbox 1659 2327 1747 2380; x_wconf 84' lang='lat' dir='ltr'>lotam</span> <span class='ocrx_word' id='word_1_328' title='bbox 1768 2322 1874 2397; x_wconf 59' lang='lat' dir='ltr'>mim</span> 
     </span>
     <span class='ocr_line' id='line_1_36' title="bbox 162 2408 1881 2488; baseline 0.001 -22"><span class='ocrx_word' id='word_1_329' title='bbox 162 2408 258 2483; x_wconf 84' lang='lat' dir='ltr'>tingat</span> <span class='ocrx_word' id='word_1_330' title='bbox 280 2430 338 2471; x_wconf 91' lang='lat' dir='ltr'>nou</span> <span class='ocrx_word' id='word_1_331' title='bbox 364 2416 515 2474; x_wconf 79' lang='lat' dir='ltr'>evasisse?</span> <span class='ocrx_word' id='word_1_332' title='bbox 531 2416 651 2488; x_wconf 80' lang='lat' dir='ltr'>Repelli,</span> <span class='ocrx_word' id='word_1_333' title='bbox 664 2419 799 2475; x_wconf 88' lang='lat' dir='ltr'>sacerdos</span> <span class='ocrx_word' id='word_1_334' title='bbox 815 2436 882 2475; x_wconf 91' lang='lat' dir='ltr'>cum</span> <span class='ocrx_word' id='word_1_335' title='bbox 899 2419 950 2487; x_wconf 89' lang='lat' dir='ltr'>sis,</span> <span class='ocrx_word' id='word_1_336' title='bbox 965 2423 993 2474; x_wconf 91' lang='lat' dir='ltr'>te</span> <span class='ocrx_word' id='word_1_337' title='bbox 1046 2429 1156 2470; x_wconf 69' lang='lat' dir='ltr'>somam</span> <span class='ocrx_word' id='word_1_338' title='bbox 1169 2431 1251 2470; x_wconf 80' lang='lat' dir='ltr'>sarim</span> <span class='ocrx_word' id='word_1_339' title='bbox 1266 2415 1357 2487; x_wconf 88' lang='lat' dir='ltr'>(Prou.</span> <span class='ocrx_word' id='word_1_340' title='bbox 1374 2431 1451 2481; x_wconf 80' lang='lat' dir='ltr'>xxix,</span> <span class='ocrx_word' id='word_1_341' title='bbox 1464 2413 1520 2485; x_wconf 87' lang='grc'>11),</span> <span class='ocrx_word' id='word_1_342' title='bbox 1531 2417 1560 2468; x_wconf 88' lang='lat' dir='ltr'>et</span> <span class='ocrx_word' id='word_1_343' title='bbox 1573 2416 1608 2468; x_wconf 88' lang='lat' dir='ltr'>ut</span> <span class='ocrx_word' id='word_1_344' title='bbox 1619 2411 1759 2483; x_wconf 86' lang='lat' dir='ltr'>adjiciam</span> <span class='ocrx_word' id='word_1_345' title='bbox 1776 2429 1783 2468; x_wconf 91' lang='lat'>:</span> <span class='ocrx_word' id='word_1_346' title='bbox 1798 2411 1881 2471; x_wconf 71' lang='lat' dir='ltr'>Siout</span> 
     </span>
     <span class='ocr_line' id='line_1_37' title="bbox 161 2499 1874 2580; baseline 0.006 -23"><span class='ocrx_word' id='word_1_347' title='bbox 161 2499 200 2574; x_wconf 79' lang='lat' dir='ltr'>ab</span> <span class='ocrx_word' id='word_1_348' title='bbox 215 2502 372 2560; x_wconf 80' lang='lat' dir='ltr'>offerendis</span> <span class='ocrx_word' id='word_1_349' title='bbox 390 2506 446 2560; x_wconf 86' lang='lat' dir='ltr'>Deo</span> <span class='ocrx_word' id='word_1_350' title='bbox 461 2506 588 2577; x_wconf 90' lang='lat' dir='ltr'>panibus</span> <span class='ocrx_word' id='word_1_351' title='bbox 603 2505 693 2573; x_wconf 90' lang='lat' dir='ltr'>vides,</span> <span class='ocrx_word' id='word_1_352' title='bbox 708 2511 736 2562; x_wconf 90' lang='lat' dir='ltr'>et</span> <span class='ocrx_word' id='word_1_353' title='bbox 752 2507 874 2563; x_wconf 92' lang='lat' dir='ltr'>minime</span> <span class='ocrx_word' id='word_1_354' title='bbox 889 2507 993 2580; x_wconf 81' lang='lat' dir='ltr'>luges?</span> <span class='ocrx_word' id='word_1_355' title='bbox 1046 2504 1111 2559; x_wconf 79' lang='lat' dir='ltr'>urbs</span> <span class='ocrx_word' id='word_1_356' title='bbox 1118 2511 1213 2576; x_wconf 82' lang='lat' dir='ltr'>paiens</span> <span class='ocrx_word' id='word_1_357' title='bbox 1228 2512 1254 2560; x_wconf 85' lang='lat' dir='ltr'>ct</span> <span class='ocrx_word' id='word_1_358' title='bbox 1266 2506 1367 2576; x_wconf 81' lang='lat' dir='ltr'>absque</span> <span class='ocrx_word' id='word_1_359' title='bbox 1381 2519 1524 2560; x_wconf 70' lang='lat' dir='ltr'>maronem</span> <span class='ocrx_word' id='word_1_360' title='bbox 1538 2502 1684 2567; x_wconf 63' lang='lat' dir='ltr'>obstaculo,</span> <span class='ocrx_word' id='word_1_361' title='bbox 1700 2503 1742 2557; x_wconf 66' lang='grc' dir='ltr'>δίο</span> <span class='ocrx_word' id='word_1_362' title='bbox 1756 2502 1805 2573; x_wconf 64' lang='lat'>4¹⁴5</span> <span class='ocrx_word' id='word_1_363' title='bbox 1819 2517 1874 2558; x_wconf 68' lang='grc' dir='ltr'><strong>Μ</strong></span> 
     </span>
     <span class='ocr_line' id='line_1_38' title="bbox 163 2588 1874 2668; baseline 0.002 -24"><span class='ocrx_word' id='word_1_364' title='bbox 163 2588 418 2648; x_wconf 86' lang='lat' dir='ltr'>Maledictionibus</span> <span class='ocrx_word' id='word_1_365' title='bbox 428 2597 456 2649; x_wconf 90' lang='lat' dir='ltr'>te</span> <span class='ocrx_word' id='word_1_366' title='bbox 464 2593 584 2656; x_wconf 87' lang='lat' dir='ltr'>Domini</span> <span class='ocrx_word' id='word_1_367' title='bbox 598 2595 698 2667; x_wconf 90' lang='lat' dir='ltr'>impeti</span> <span class='ocrx_word' id='word_1_368' title='bbox 709 2595 801 2662; x_wconf 90' lang='lat' dir='ltr'>vides,</span> <span class='ocrx_word' id='word_1_369' title='bbox 813 2600 841 2651; x_wconf 90' lang='lat' dir='ltr'>et</span> <span class='ocrx_word' id='word_1_370' title='bbox 854 2596 992 2668; x_wconf 62' lang='lat' dir='ltr'>llerejnou</span> <span class='ocrx_word' id='word_1_371' title='bbox 1043 2597 1132 2665; x_wconf 81' lang='lat' dir='ltr'>potest</span> <span class='ocrx_word' id='word_1_372' title='bbox 1142 2595 1172 2649; x_wconf 84' lang='lat' dir='ltr'>ia</span> <span class='ocrx_word' id='word_1_373' title='bbox 1188 2593 1320 2665; x_wconf 81' lang='lat' dir='ltr'>loquendo</span> <span class='ocrx_word' id='word_1_374' title='bbox 1333 2593 1457 2650; x_wconf 83' lang='lat' dir='ltr'>cohibere</span> <span class='ocrx_word' id='word_1_375' title='bbox 1469 2593 1600 2665; x_wconf 83' lang='lat' dir='ltr'>spiritam</span> <span class='ocrx_word' id='word_1_376' title='bbox 1612 2607 1694 2647; x_wconf 84' lang='lat' dir='ltr'>saum</span> <span class='ocrx_word' id='word_1_377' title='bbox 1703 2591 1796 2662; x_wconf 81' lang='lat' dir='ltr'>(Prae.</span> <span class='ocrx_word' id='word_1_378' title='bbox 1807 2607 1874 2661; x_wconf 81' lang='lat' dir='ltr'>xxv,</span> 
     </span>
     <span class='ocr_line' id='line_1_39' title="bbox 163 2676 1875 2757; baseline 0.002 -25"><span class='ocrx_word' id='word_1_379' title='bbox 163 2676 263 2735; x_wconf 78' lang='lat' dir='ltr'>vales?</span> <span class='ocrx_word' id='word_1_380' title='bbox 273 2678 368 2736; x_wconf 86' lang='lat' dir='ltr'>iurem</span> <span class='ocrx_word' id='word_1_381' title='bbox 379 2685 407 2736; x_wconf 91' lang='lat' dir='ltr'>te</span> <span class='ocrx_word' id='word_1_382' title='bbox 421 2683 512 2738; x_wconf 89' lang='lat' dir='ltr'>miser</span> <span class='ocrx_word' id='word_1_383' title='bbox 521 2687 608 2755; x_wconf 87' lang='lat' dir='ltr'>atquo</span> <span class='ocrx_word' id='word_1_384' title='bbox 623 2683 766 2739; x_wconf 87' lang='lat' dir='ltr'>latronem</span> <span class='ocrx_word' id='word_1_385' title='bbox 777 2684 883 2741; x_wconf 89' lang='lat' dir='ltr'>veritas</span> <span class='ocrx_word' id='word_1_386' title='bbox 892 2684 991 2757; x_wconf 91' lang='lat' dir='ltr'>appel·</span> <span class='ocrx_word' id='word_1_387' title='bbox 1045 2683 1102 2751; x_wconf 79' lang='lat'><strong>28).</strong></span> <span class='ocrx_word' id='word_1_388' title='bbox 1114 2682 1150 2739; x_wconf 92' lang='lat' dir='ltr'>Ut</span> <span class='ocrx_word' id='word_1_389' title='bbox 1164 2681 1222 2738; x_wconf 85' lang='lat' dir='ltr'>dixi</span> <span class='ocrx_word' id='word_1_390' title='bbox 1237 2699 1315 2750; x_wconf 89' lang='lat' dir='ltr'>vero,</span> <span class='ocrx_word' id='word_1_391' title='bbox 1325 2682 1417 2738; x_wconf 89' lang='lat' dir='ltr'>vereri</span> <span class='ocrx_word' id='word_1_392' title='bbox 1434 2682 1587 2749; x_wconf 87' lang='lat' dir='ltr'>debueras,</span> <span class='ocrx_word' id='word_1_393' title='bbox 1600 2696 1636 2736; x_wconf 88' lang='lat' dir='ltr'>ue</span> <span class='ocrx_word' id='word_1_394' title='bbox 1651 2696 1719 2735; x_wconf 88' lang='lat' dir='ltr'>cum</span> <span class='ocrx_word' id='word_1_395' title='bbox 1735 2677 1796 2750; x_wconf 91' lang='lat' dir='ltr'>illo,</span> <span class='ocrx_word' id='word_1_396' title='bbox 1807 2676 1875 2736; x_wconf 87' lang='lat' dir='ltr'>imi·</span> 
     </span>
     <span class='ocr_line' id='line_1_40' title="bbox 165 2763 1875 2846; baseline 0.002 -26"><span class='ocrx_word' id='word_1_397' title='bbox 165 2763 216 2834; x_wconf 88' lang='lat' dir='ltr'>lat,</span> <span class='ocrx_word' id='word_1_398' title='bbox 224 2770 252 2822; x_wconf 88' lang='lat' dir='ltr'>ct</span> <span class='ocrx_word' id='word_1_399' title='bbox 262 2784 314 2823; x_wconf 91' lang='lat' dir='ltr'>neo</span> <span class='ocrx_word' id='word_1_400' title='bbox 325 2769 421 2826; x_wconf 84' lang='lat' dir='ltr'>iurata</span> <span class='ocrx_word' id='word_1_401' title='bbox 428 2771 471 2826; x_wconf 92' lang='lat' dir='ltr'>vis</span> <span class='ocrx_word' id='word_1_402' title='bbox 482 2772 611 2838; x_wconf 90' lang='lat' dir='ltr'>reddere,</span> <span class='ocrx_word' id='word_1_403' title='bbox 620 2773 707 2827; x_wconf 90' lang='lat' dir='ltr'>necvi</span> <span class='ocrx_word' id='word_1_404' title='bbox 718 2776 801 2845; x_wconf 83' lang='lat' dir='ltr'>rapta</span> <span class='ocrx_word' id='word_1_405' title='bbox 811 2772 990 2846; x_wconf 89' lang='lat' dir='ltr'>relinquere;</span> <span class='ocrx_word' id='word_1_406' title='bbox 1045 2771 1101 2826; x_wconf 88' lang='lat' dir='ltr'>tari</span> <span class='ocrx_word' id='word_1_407' title='bbox 1118 2788 1205 2844; x_wconf 91' lang='lat' dir='ltr'>quem</span> <span class='ocrx_word' id='word_1_408' title='bbox 1230 2772 1350 2844; x_wconf 84' lang='lat' dir='ltr'>satagis,</span> <span class='ocrx_word' id='word_1_409' title='bbox 1362 2772 1398 2826; x_wconf 93' lang='lat' dir='ltr'>de</span> <span class='ocrx_word' id='word_1_410' title='bbox 1412 2774 1440 2827; x_wconf 92' lang='lat' dir='ltr'>te</span> <span class='ocrx_word' id='word_1_411' title='bbox 1454 2770 1512 2826; x_wconf 89' lang='lat' dir='ltr'>dici</span> <span class='ocrx_word' id='word_1_412' title='bbox 1532 2769 1664 2838; x_wconf 89' lang='lat' dir='ltr'>audires;</span> <span class='ocrx_word' id='word_1_413' title='bbox 1677 2768 1810 2840; x_wconf 76' lang='lat' dir='ltr'>[sabaudi</span> <span class='ocrx_word' id='word_1_414' title='bbox 1826 2769 1875 2836; x_wconf 85' lang='lat' dir='ltr'>de·</span> 
     </span>
     <span class='ocr_line' id='line_1_41' title="bbox 166 2853 1878 2932; baseline 0.003 -23"><span class='ocrx_word' id='word_1_415' title='bbox 166 2870 219 2910; x_wconf 89' lang='lat' dir='ltr'>nec</span> <span class='ocrx_word' id='word_1_416' title='bbox 229 2853 333 2912; x_wconf 89' lang='lat' dir='ltr'>saltem</span> <span class='ocrx_word' id='word_1_417' title='bbox 345 2874 402 2913; x_wconf 93' lang='lat' dir='ltr'>non</span> <span class='ocrx_word' id='word_1_418' title='bbox 418 2860 504 2915; x_wconf 90' lang='lat' dir='ltr'>modo</span> <span class='ocrx_word' id='word_1_419' title='bbox 518 2877 569 2930; x_wconf 94' lang='lat' dir='ltr'>pro</span> <span class='ocrx_word' id='word_1_420' title='bbox 581 2860 657 2916; x_wconf 87' lang='lat' dir='ltr'>iurto</span> <span class='ocrx_word' id='word_1_421' title='bbox 672 2864 701 2916; x_wconf 92' lang='lat' dir='ltr'>et</span> <span class='ocrx_word' id='word_1_422' title='bbox 715 2860 877 2931; x_wconf 90' lang='lat' dir='ltr'>latrocinio,</span> <span class='ocrx_word' id='word_1_423' title='bbox 888 2880 990 2919; x_wconf 90' lang='lat' dir='ltr'>verum</span> <span class='ocrx_word' id='word_1_424' title='bbox 1045 2859 1161 2932; x_wconf 84' lang='lat' dir='ltr'>bueras]</span> <span class='ocrx_word' id='word_1_425' title='bbox 1178 2861 1281 2917; x_wconf 88' lang='lat' dir='ltr'>timere</span> <span class='ocrx_word' id='word_1_426' title='bbox 1295 2861 1394 2927; x_wconf 91' lang='lat' dir='ltr'>etiam,</span> <span class='ocrx_word' id='word_1_427' title='bbox 1406 2877 1442 2916; x_wconf 90' lang='lat' dir='ltr'>ne</span> <span class='ocrx_word' id='word_1_428' title='bbox 1461 2863 1490 2916; x_wconf 92' lang='lat' dir='ltr'>et</span> <span class='ocrx_word' id='word_1_429' title='bbox 1510 2858 1582 2915; x_wconf 94' lang='lat' dir='ltr'>illud</span> <span class='ocrx_word' id='word_1_430' title='bbox 1598 2858 1635 2914; x_wconf 93' lang='lat' dir='ltr'>de</span> <span class='ocrx_word' id='word_1_431' title='bbox 1648 2856 1767 2920; x_wconf 84' lang='lat' dir='ltr'>turbine</span> <span class='ocrx_word' id='word_1_432' title='bbox 1782 2873 1878 2932; x_wconf 88' lang='lat' dir='ltr'>neque</span> 
     </span>
     <span class='ocr_line' id='line_1_42' title="bbox 166 2945 1883 3023; baseline 0.003 -24"><span class='ocrx_word' id='word_1_433' title='bbox 166 2960 219 3016; x_wconf 93' lang='lat' dir='ltr'>pro</span> <span class='ocrx_word' id='word_1_434' title='bbox 234 2945 299 3018; x_wconf 88' lang='lat' dir='ltr'>ipsa</span> <span class='ocrx_word' id='word_1_435' title='bbox 314 2963 372 3002; x_wconf 90' lang='lat' dir='ltr'>nou</span> <span class='ocrx_word' id='word_1_436' title='bbox 393 2948 567 3004; x_wconf 88' lang='lat' dir='ltr'>emendandi</span> <span class='ocrx_word' id='word_1_437' title='bbox 590 2948 698 3005; x_wconf 92' lang='lat' dir='ltr'>duritia</span> <span class='ocrx_word' id='word_1_438' title='bbox 721 2949 864 3023; x_wconf 82' lang='lat' dir='ltr'>lacrymas</span> <span class='ocrx_word' id='word_1_439' title='bbox 879 2951 922 3008; x_wconf 92' lang='lat' dir='ltr'>vel</span> <span class='ocrx_word' id='word_1_440' title='bbox 938 2953 991 3008; x_wconf 92' lang='lat' dir='ltr'>ali·</span> <span class='ocrx_word' id='word_1_441' title='bbox 1045 2966 1096 3021; x_wconf 92' lang='lat' dir='ltr'>per</span> <span class='ocrx_word' id='word_1_442' title='bbox 1111 2948 1227 3022; x_wconf 83' lang='lat' dir='ltr'>aliquod</span> <span class='ocrx_word' id='word_1_443' title='bbox 1238 2950 1327 3006; x_wconf 93' lang='lat' dir='ltr'>etiam</span> <span class='ocrx_word' id='word_1_444' title='bbox 1340 2948 1518 3006; x_wconf 86' lang='lat' dir='ltr'>sacrificium</span> <span class='ocrx_word' id='word_1_445' title='bbox 1529 2946 1754 3005; x_wconf 85' lang='lat' dir='ltr'>reconciliandis</span> <span class='ocrx_word' id='word_1_446' title='bbox 1764 2947 1883 3020; x_wconf 65' lang='lat' dir='ltr'>[sabam.</span> 
     </span>
     <span class='ocr_line' id='line_1_43' title="bbox 166 3033 1878 3111; baseline 0.003 -23"><span class='ocrx_word' id='word_1_447' title='bbox 166 3049 240 3105; x_wconf 89' lang='lat' dir='ltr'>quas</span> <span class='ocrx_word' id='word_1_448' title='bbox 256 3033 354 3091; x_wconf 88' lang='lat' dir='ltr'>animo</span> <span class='ocrx_word' id='word_1_449' title='bbox 374 3039 577 3092; x_wconf 91' lang='lat' dir='ltr'>consternatus</span> <span class='ocrx_word' id='word_1_450' title='bbox 597 3037 734 3111; x_wconf 88' lang='lat' dir='ltr'>suspiriis</span> <span class='ocrx_word' id='word_1_451' title='bbox 748 3039 891 3095; x_wconf 85' lang='lat' dir='ltr'>miscere?</span> <span class='ocrx_word' id='word_1_452' title='bbox 905 3040 991 3096; x_wconf 86' lang='lat' dir='ltr'>Veste</span> <span class='ocrx_word' id='word_1_453' title='bbox 1044 3039 1074 3094; x_wconf 84' lang='lat' dir='ltr'>di</span> <span class='ocrx_word' id='word_1_454' title='bbox 1087 3038 1232 3111; x_wconf 88' lang='lat' dir='ltr'>audires]:</span> <span class='ocrx_word' id='word_1_455' title='bbox 1246 3039 1311 3108; x_wconf 82' lang='lat' dir='ltr'>Quis</span> <span class='ocrx_word' id='word_1_456' title='bbox 1326 3042 1366 3095; x_wconf 80' lang='lat' dir='ltr'>est</span> <span class='ocrx_word' id='word_1_457' title='bbox 1381 3039 1520 3103; x_wconf 71' lang='lat' dir='ltr'>involveris</span> <span class='ocrx_word' id='word_1_458' title='bbox 1539 3038 1690 3105; x_wconf 80' lang='lat' dir='ltr'>sententias</span> <span class='ocrx_word' id='word_1_459' title='bbox 1704 3036 1878 3094; x_wconf 66' lang='lat' dir='ltr'>mnibus</span> 
     </span>
     <span class='ocr_line' id='line_1_44' title="bbox 166 3121 1876 3201; baseline 0.002 -21"><span class='ocrx_word' id='word_1_460' title='bbox 166 3121 290 3194; x_wconf 90' lang='lat' dir='ltr'>nuptiali</span> <span class='ocrx_word' id='word_1_461' title='bbox 305 3125 561 3194; x_wconf 80' lang='lat' dir='ltr'>tecorniscarere3</span> <span class='ocrx_word' id='word_1_462' title='bbox 577 3131 606 3181; x_wconf 93' lang='lat' dir='ltr'>et</span> <span class='ocrx_word' id='word_1_463' title='bbox 620 3125 650 3181; x_wconf 91' lang='lat' dir='ltr'>in</span> <span class='ocrx_word' id='word_1_464' title='bbox 661 3126 773 3199; x_wconf 89' lang='lat' dir='ltr'>nuptiis</span> <span class='ocrx_word' id='word_1_465' title='bbox 783 3127 889 3185; x_wconf 85' lang='lat' dir='ltr'>Christi</span> <span class='ocrx_word' id='word_1_466' title='bbox 901 3133 930 3185; x_wconf 90' lang='lat' dir='ltr'>ct</span> <span class='ocrx_word' id='word_1_467' title='bbox 941 3130 991 3185; x_wconf 89' lang='lat' dir='ltr'>Ec·</span> <span class='ocrx_word' id='word_1_468' title='bbox 1046 3129 1201 3199; x_wconf 80' lang='lat' dir='ltr'>imperitis?</span> <span class='ocrx_word' id='word_1_469' title='bbox 1216 3128 1274 3200; x_wconf 78' lang='lat' dir='ltr'>(lob</span> <span class='ocrx_word' id='word_1_470' title='bbox 1288 3146 1406 3197; x_wconf 82' lang='lat' dir='ltr'>xxxvm,</span> <span class='ocrx_word' id='word_1_471' title='bbox 1426 3128 1466 3201; x_wconf 85' lang='lat'>2.)</span> <span class='ocrx_word' id='word_1_472' title='bbox 1482 3130 1575 3195; x_wconf 84' lang='lat' dir='ltr'>Quam</span> <span class='ocrx_word' id='word_1_473' title='bbox 1598 3143 1665 3184; x_wconf 89' lang='lat' dir='ltr'>vero</span> <span class='ocrx_word' id='word_1_474' title='bbox 1690 3125 1769 3183; x_wconf 84' lang='lat' dir='ltr'>iufra</span> <span class='ocrx_word' id='word_1_475' title='bbox 1791 3126 1876 3184; x_wconf 86' lang='lat' dir='ltr'>eum-</span> 
     </span>
     <span class='ocr_line' id='line_1_45' title="bbox 165 3210 1907 3290; baseline 0.004 -24"><span class='ocrx_word' id='word_1_476' title='bbox 165 3210 270 3283; x_wconf 82' lang='lat' dir='ltr'>clesiae,</span> <span class='ocrx_word' id='word_1_477' title='bbox 282 3213 405 3285; x_wconf 89' lang='lat' dir='ltr'>pedibus</span> <span class='ocrx_word' id='word_1_478' title='bbox 428 3217 457 3270; x_wconf 89' lang='lat' dir='ltr'>et</span> <span class='ocrx_word' id='word_1_479' title='bbox 478 3214 615 3271; x_wconf 89' lang='lat' dir='ltr'>manibus</span> <span class='ocrx_word' id='word_1_480' title='bbox 630 3214 729 3288; x_wconf 89' lang='lat' dir='ltr'>ligatis</span> <span class='ocrx_word' id='word_1_481' title='bbox 744 3234 779 3272; x_wconf 92' lang='lat' dir='ltr'>ne</span> <span class='ocrx_word' id='word_1_482' title='bbox 794 3217 823 3272; x_wconf 93' lang='lat' dir='ltr'>in</span> <span class='ocrx_word' id='word_1_483' title='bbox 840 3218 989 3276; x_wconf 90' lang='lat' dir='ltr'>caminum</span> <span class='ocrx_word' id='word_1_484' title='bbox 1005 3210 1026 3278; x_wconf 86' lang='lat' dir='ltr'>C</span> <span class='ocrx_word' id='word_1_485' title='bbox 1045 3217 1123 3284; x_wconf 91' lang='lat' dir='ltr'>dem,</span> <span class='ocrx_word' id='word_1_486' title='bbox 1140 3234 1227 3289; x_wconf 89' lang='lat' dir='ltr'>quem</span> <span class='ocrx_word' id='word_1_487' title='bbox 1255 3217 1397 3290; x_wconf 80' lang='lat' dir='ltr'>sequeris,</span> <span class='ocrx_word' id='word_1_488' title='bbox 1421 3217 1523 3290; x_wconf 88' lang='lat' dir='ltr'>utique</span> <span class='ocrx_word' id='word_1_489' title='bbox 1551 3215 1602 3285; x_wconf 87' lang='lat' dir='ltr'>sis,</span> <span class='ocrx_word' id='word_1_490' title='bbox 1625 3213 1876 3288; x_wconf 83' lang='lat' dir='ltr'>comprehendere</span> <span class='ocrx_word' id='word_1_491' title='bbox 1899 3256 1907 3261; x_wconf 96' lang='lat'>-</span> 
     </span>
     <span class='ocr_line' id='line_1_46' title="bbox 165 3299 1874 3380; baseline 0.004 -25"><span class='ocrx_word' id='word_1_492' title='bbox 165 3299 412 3372; x_wconf 85' lang='lat' dir='ltr'>ignismittendus</span> <span class='ocrx_word' id='word_1_493' title='bbox 428 3303 553 3376; x_wconf 86' lang='lat' dir='ltr'>turpiter</span> <span class='ocrx_word' id='word_1_494' title='bbox 562 3303 726 3361; x_wconf 74' lang='lat' dir='ltr'>extrudaris</span> <span class='ocrx_word' id='word_1_495' title='bbox 737 3322 795 3362; x_wconf 91' lang='lat' dir='ltr'>non</span> <span class='ocrx_word' id='word_1_496' title='bbox 805 3323 917 3375; x_wconf 89' lang='lat' dir='ltr'>verens,</span> <span class='ocrx_word' id='word_1_497' title='bbox 929 3309 993 3366; x_wconf 90' lang='lat' dir='ltr'>siue</span> <span class='ocrx_word' id='word_1_498' title='bbox 1048 3305 1138 3374; x_wconf 88' lang='lat' dir='ltr'>vales,</span> <span class='ocrx_word' id='word_1_499' title='bbox 1152 3323 1219 3362; x_wconf 91' lang='lat' dir='ltr'>oum</span> <span class='ocrx_word' id='word_1_500' title='bbox 1235 3310 1263 3362; x_wconf 92' lang='lat' dir='ltr'>te</span> <span class='ocrx_word' id='word_1_501' title='bbox 1282 3306 1441 3379; x_wconf 83' lang='lat' dir='ltr'>prophetia</span> <span class='ocrx_word' id='word_1_502' title='bbox 1454 3305 1592 3380; x_wconf 87' lang='lat' dir='ltr'>spiritum</span> <span class='ocrx_word' id='word_1_503' title='bbox 1607 3304 1725 3370; x_wconf 88' lang='lat' dir='ltr'>babere,</span> <span class='ocrx_word' id='word_1_504' title='bbox 1742 3303 1874 3362; x_wconf 84' lang='lat' dir='ltr'>utillum</span> 
     </span>
     <span class='ocr_line' id='line_1_47' title="bbox 163 3388 1875 3465; baseline 0.003 -20"><span class='ocrx_word' id='word_1_505' title='bbox 163 3388 300 3462; x_wconf 79' lang='lat' dir='ltr'>lacrymis</span> <span class='ocrx_word' id='word_1_506' title='bbox 311 3390 517 3450; x_wconf 89' lang='lat' dir='ltr'>audessaltem</span> <span class='ocrx_word' id='word_1_507' title='bbox 529 3393 893 3452; x_wconf 85' lang='lat' dir='ltr'>recumbere‘lAnatbema</span> <span class='ocrx_word' id='word_1_508' title='bbox 908 3398 993 3455; x_wconf 90' lang='lat' dir='ltr'>audis</span> <span class='ocrx_word' id='word_1_509' title='bbox 1047 3395 1199 3465; x_wconf 86' lang='lat' dir='ltr'>habuisse,</span> <span class='ocrx_word' id='word_1_510' title='bbox 1215 3395 1383 3452; x_wconf 88' lang='lat' dir='ltr'>nullatenus</span> <span class='ocrx_word' id='word_1_511' title='bbox 1406 3395 1496 3462; x_wconf 90' lang='lat' dir='ltr'>vides,</span> <span class='ocrx_word' id='word_1_512' title='bbox 1512 3393 1542 3450; x_wconf 89' lang='lat' dir='ltr'>Si</span> <span class='ocrx_word' id='word_1_513' title='bbox 1560 3410 1627 3449; x_wconf 87' lang='lat' dir='ltr'>vero</span> <span class='ocrx_word' id='word_1_514' title='bbox 1642 3392 1817 3465; x_wconf 89' lang='lat' dir='ltr'>hujusmodi</span> <span class='ocrx_word' id='word_1_515' title='bbox 1839 3392 1875 3450; x_wconf 91' lang='lat' dir='ltr'>de</span> 
     </span>
     <span class='ocr_line' id='line_1_48' title="bbox 163 3478 1906 3558; baseline 0.002 -24"><span class='ocrx_word' id='word_1_516' title='bbox 163 3478 325 3552; x_wconf 86' lang='lat' dir='ltr'>recipienti,</span> <span class='ocrx_word' id='word_1_517' title='bbox 337 3485 365 3536; x_wconf 90' lang='lat' dir='ltr'>st</span> <span class='ocrx_word' id='word_1_518' title='bbox 377 3480 638 3555; x_wconf 88' lang='lat' dir='ltr'>llereimpossibile</span> <span class='ocrx_word' id='word_1_519' title='bbox 657 3487 701 3539; x_wconf 88' lang='lat' dir='ltr'>est</span> <span class='ocrx_word' id='word_1_520' title='bbox 721 3483 794 3540; x_wconf 84' lang='lat' dir='ltr'>tibi‘i</span> <span class='ocrx_word' id='word_1_521' title='bbox 810 3487 994 3544; x_wconf 76' lang='lat' dir='ltr'>Pecuniolam</span> <span class='ocrx_word' id='word_1_522' title='bbox 1047 3483 1189 3558; x_wconf 87' lang='lat' dir='ltr'>propheta</span> <span class='ocrx_word' id='word_1_523' title='bbox 1208 3485 1240 3539; x_wconf 80' lang='lat' dir='ltr'>sit</span> <span class='ocrx_word' id='word_1_524' title='bbox 1260 3482 1458 3557; x_wconf 71' lang='lat' dir='ltr'>exprobratio,</span> <span class='ocrx_word' id='word_1_525' title='bbox 1475 3483 1510 3540; x_wconf 88' lang='lat' dir='ltr'>ds</span> <span class='ocrx_word' id='word_1_526' title='bbox 1525 3480 1714 3555; x_wconf 84' lang='lat' dir='ltr'>compilatore</span> <span class='ocrx_word' id='word_1_527' title='bbox 1737 3484 1769 3538; x_wconf 88' lang='lat' dir='ltr'>et</span> <span class='ocrx_word' id='word_1_528' title='bbox 1790 3478 1879 3556; x_wconf 69' lang='lat' dir='ltr'>syco-</span> <span class='ocrx_word' id='word_1_529' title='bbox 1903 3523 1906 3526; x_wconf 27' lang='grc' dir='ltr'><em>ψ</em></span> 
     </span>
     <span class='ocr_line' id='line_1_49' title="bbox 164 3569 1901 3649; baseline 0.003 -26"><span class='ocrx_word' id='word_1_530' title='bbox 164 3572 252 3627; x_wconf 78' lang='lat' dir='ltr'>tecam</span> <span class='ocrx_word' id='word_1_531' title='bbox 266 3570 311 3626; x_wconf 67' lang='lat' dir='ltr'>ffsr&#39;t</span> <span class='ocrx_word' id='word_1_532' title='bbox 335 3571 365 3625; x_wconf 85' lang='lat' dir='ltr'>ia</span> <span class='ocrx_word' id='word_1_533' title='bbox 385 3571 569 3642; x_wconf 83' lang='lat' dir='ltr'>perditionem</span> <span class='ocrx_word' id='word_1_534' title='bbox 593 3572 734 3644; x_wconf 78' lang='lat' dir='ltr'>(datvm,</span> <span class='ocrx_word' id='word_1_535' title='bbox 747 3572 804 3645; x_wconf 79' lang='lat' dir='ltr'>ab),</span> <span class='ocrx_word' id='word_1_536' title='bbox 826 3574 992 3649; x_wconf 89' lang='lat' dir='ltr'>apostolum</span> <span class='ocrx_word' id='word_1_537' title='bbox 1048 3573 1168 3647; x_wconf 79' lang='lat' dir='ltr'>phania,</span> <span class='ocrx_word' id='word_1_538' title='bbox 1179 3572 1240 3645; x_wconf 90' lang='lat' dir='ltr'>qui,</span> <span class='ocrx_word' id='word_1_539' title='bbox 1252 3577 1285 3630; x_wconf 88' lang='lat' dir='ltr'>ut</span> <span class='ocrx_word' id='word_1_540' title='bbox 1299 3573 1441 3645; x_wconf 88' lang='lat' dir='ltr'>scriptum</span> <span class='ocrx_word' id='word_1_541' title='bbox 1456 3576 1511 3641; x_wconf 89' lang='lat' dir='ltr'>est,</span> <span class='ocrx_word' id='word_1_542' title='bbox 1523 3569 1782 3627; x_wconf 79' lang='lat' dir='ltr'>insimilitudirrem</span> <span class='ocrx_word' id='word_1_543' title='bbox 1789 3571 1878 3629; x_wconf 79' lang='lat' dir='ltr'>aricii</span> <span class='ocrx_word' id='word_1_544' title='bbox 1894 3596 1901 3603; x_wconf 93' lang='lat'>·</span> 
     </span>
     <span class='ocr_line' id='line_1_50' title="bbox 165 3657 1880 3738; baseline 0.001 -26"><span class='ocrx_word' id='word_1_545' title='bbox 165 3657 251 3713; x_wconf 92' lang='lat' dir='ltr'>audis</span> <span class='ocrx_word' id='word_1_546' title='bbox 264 3657 383 3715; x_wconf 88' lang='lat' dir='ltr'>Petrum</span> <span class='ocrx_word' id='word_1_547' title='bbox 396 3660 508 3722; x_wconf 87' lang='lat' dir='ltr'>Simoni</span> <span class='ocrx_word' id='word_1_548' title='bbox 521 3677 606 3734; x_wconf 89' lang='lat' dir='ltr'>mago</span> <span class='ocrx_word' id='word_1_549' title='bbox 619 3660 775 3731; x_wconf 88' lang='lat' dir='ltr'>dicentem,</span> <span class='ocrx_word' id='word_1_550' title='bbox 787 3667 816 3719; x_wconf 91' lang='lat' dir='ltr'>et</span> <span class='ocrx_word' id='word_1_551' title='bbox 825 3668 859 3720; x_wconf 94' lang='lat' dir='ltr'>ut</span> <span class='ocrx_word' id='word_1_552' title='bbox 869 3683 885 3720; x_wconf 90' lang='lat' dir='ltr'>a</span> <span class='ocrx_word' id='word_1_553' title='bbox 895 3669 922 3722; x_wconf 89' lang='lat' dir='ltr'>te</span> <span class='ocrx_word' id='word_1_554' title='bbox 932 3683 995 3738; x_wconf 90' lang='lat' dir='ltr'>per·</span> <span class='ocrx_word' id='word_1_555' title='bbox 1048 3673 1074 3720; x_wconf 85' lang='lat' dir='ltr'>et</span> <span class='ocrx_word' id='word_1_556' title='bbox 1087 3664 1247 3735; x_wconf 82' lang='lat' dir='ltr'>corrjeetoris</span> <span class='ocrx_word' id='word_1_557' title='bbox 1264 3664 1384 3720; x_wconf 75' lang='lat' dir='ltr'>eastimet</span> <span class='ocrx_word' id='word_1_558' title='bbox 1403 3661 1474 3735; x_wconf 83' lang='lat' dir='ltr'>qaod</span> <span class='ocrx_word' id='word_1_559' title='bbox 1496 3662 1606 3731; x_wconf 81' lang='lat' dir='ltr'>iqnorot</span> <span class='ocrx_word' id='word_1_560' title='bbox 1629 3661 1721 3730; x_wconf 85' lang='lat' dir='ltr'>(Prae.</span> <span class='ocrx_word' id='word_1_561' title='bbox 1736 3676 1820 3728; x_wconf 83' lang='lat' dir='ltr'>xxm,</span> <span class='ocrx_word' id='word_1_562' title='bbox 1835 3658 1880 3730; x_wconf 81' lang='lat'>⁷),</span> 
     </span>
     <span class='ocr_line' id='line_1_51' title="bbox 166 3740 1883 3827; baseline 0.004 -28"><span class='ocrx_word' id='word_1_563' title='bbox 166 3745 238 3801; x_wconf 86' lang='lat' dir='ltr'>ditio</span> <span class='ocrx_word' id='word_1_564' title='bbox 252 3750 410 3815; x_wconf 87' lang='lat' dir='ltr'>avertatur,</span> <span class='ocrx_word' id='word_1_565' title='bbox 422 3765 480 3805; x_wconf 91' lang='lat' dir='ltr'>non</span> <span class='ocrx_word' id='word_1_566' title='bbox 499 3749 632 3821; x_wconf 88' lang='lat' dir='ltr'>postulas</span> <span class='ocrx_word' id='word_1_567' title='bbox 651 3767 766 3823; x_wconf 90' lang='lat' dir='ltr'>precem</span> <span class='ocrx_word' id='word_1_568' title='bbox 778 3751 817 3823; x_wconf 83' lang='lat' dir='ltr'>[id</span> <span class='ocrx_word' id='word_1_569' title='bbox 831 3762 870 3809; x_wconf 84' lang='lat' dir='ltr'>est</span> <span class='ocrx_word' id='word_1_570' title='bbox 884 3757 995 3827; x_wconf 78' lang='lat' dir='ltr'>oremJ‘l</span> <span class='ocrx_word' id='word_1_571' title='bbox 1048 3753 1133 3824; x_wconf 74' lang='lat' dir='ltr'>quod¹</span> <span class='ocrx_word' id='word_1_572' title='bbox 1142 3752 1199 3808; x_wconf 92' lang='lat' dir='ltr'>dici</span> <span class='ocrx_word' id='word_1_573' title='bbox 1213 3751 1290 3808; x_wconf 91' lang='lat' dir='ltr'>valet</span> <span class='ocrx_word' id='word_1_574' title='bbox 1303 3751 1462 3808; x_wconf 88' lang='lat' dir='ltr'>vanissimo</span> <span class='ocrx_word' id='word_1_575' title='bbox 1483 3755 1522 3820; x_wconf 92' lang='lat' dir='ltr'>et,</span> <span class='ocrx_word' id='word_1_576' title='bbox 1539 3748 1617 3823; x_wconf 89' lang='lat' dir='ltr'>quod</span> <span class='ocrx_word' id='word_1_577' title='bbox 1641 3749 1738 3820; x_wconf 86' lang='lat' dir='ltr'>pejus,</span> <span class='ocrx_word' id='word_1_578' title='bbox 1755 3740 1883 3817; x_wconf 74' lang='lat' dir='ltr'>menda-</span> 
     </span>
     <span class='ocr_line' id='line_1_52' title="bbox 165 3832 1189 3917; baseline 0.006 -27"><span class='ocrx_word' id='word_1_579' title='bbox 165 3832 309 3890; x_wconf 84' lang='lat' dir='ltr'>Ananiam</span> <span class='ocrx_word' id='word_1_580' title='bbox 330 3838 359 3889; x_wconf 92' lang='lat' dir='ltr'>et</span> <span class='ocrx_word' id='word_1_581' title='bbox 383 3836 537 3907; x_wconf 89' lang='lat' dir='ltr'>Sapbiram</span> <span class='ocrx_word' id='word_1_582' title='bbox 562 3855 614 3909; x_wconf 93' lang='lat' dir='ltr'>pro</span> <span class='ocrx_word' id='word_1_583' title='bbox 638 3838 791 3912; x_wconf 87' lang='lat' dir='ltr'>sacrilegio</span> <span class='ocrx_word' id='word_1_584' title='bbox 807 3858 824 3896; x_wconf 93' lang='lat' dir='ltr'>a</span> <span class='ocrx_word' id='word_1_585' title='bbox 838 3846 865 3898; x_wconf 91' lang='lat' dir='ltr'>te</span> <span class='ocrx_word' id='word_1_586' title='bbox 878 3860 994 3917; x_wconf 93' lang='lat' dir='ltr'>quoque</span> <span class='ocrx_word' id='word_1_587' title='bbox 1048 3840 1189 3897; x_wconf 80' lang='lat' dir='ltr'>sissimo?</span> 
     </span>
     <span class='ocr_line' id='line_1_53' title="bbox 167 3920 1907 4003; baseline 0.003 -25"><span class='ocrx_word' id='word_1_588' title='bbox 167 3920 324 3978; x_wconf 89' lang='lat' dir='ltr'>commisso</span> <span class='ocrx_word' id='word_1_589' title='bbox 337 3925 483 3997; x_wconf 88' lang='lat' dir='ltr'>conspicis</span> <span class='ocrx_word' id='word_1_590' title='bbox 496 3925 636 3998; x_wconf 81' lang='lat' dir='ltr'>expirare,</span> <span class='ocrx_word' id='word_1_591' title='bbox 645 3927 735 3983; x_wconf 88' lang='lat' dir='ltr'>ettibi</span> <span class='ocrx_word' id='word_1_592' title='bbox 747 3929 815 3985; x_wconf 89' lang='lat' dir='ltr'>llere</span> <span class='ocrx_word' id='word_1_593' title='bbox 825 3930 994 3991; x_wconf 85' lang='lat' dir='ltr'>nullatenus</span> <span class='ocrx_word' id='word_1_594' title='bbox 1083 3932 1128 3986; x_wconf 88' lang='grc'>39.</span> <span class='ocrx_word' id='word_1_595' title='bbox 1140 3930 1176 3986; x_wconf 92' lang='lat' dir='ltr'>Ut</span> <span class='ocrx_word' id='word_1_596' title='bbox 1190 3946 1257 3987; x_wconf 88' lang='lat' dir='ltr'>vero</span> <span class='ocrx_word' id='word_1_597' title='bbox 1272 3929 1424 4003; x_wconf 87' lang='lat' dir='ltr'>agnoveris</span> <span class='ocrx_word' id='word_1_598' title='bbox 1439 3945 1528 4002; x_wconf 83' lang='lat' dir='ltr'>quarn</span> <span class='ocrx_word' id='word_1_599' title='bbox 1547 3927 1668 3984; x_wconf 87' lang='lat' dir='ltr'>vilescat</span> <span class='ocrx_word' id='word_1_600' title='bbox 1691 3924 1907 3999; x_wconf 79' lang='lat' dir='ltr'>sapientibus·</span> 
     </span>
     <span class='ocr_line' id='line_1_54' title="bbox 166 4005 1902 4092; baseline 0.005 -26"><span class='ocrx_word' id='word_1_601' title='bbox 166 4015 210 4067; x_wconf 87' lang='lat' dir='ltr'>est</span> <span class='ocrx_word' id='word_1_602' title='bbox 226 4010 385 4082; x_wconf 80' lang='lat' dir='ltr'>possibile?</span> <span class='ocrx_word' id='word_1_603' title='bbox 400 4012 477 4071; x_wconf 86' lang='lat' dir='ltr'>Giezi</span> <span class='ocrx_word' id='word_1_604' title='bbox 497 4014 642 4087; x_wconf 88' lang='lat' dir='ltr'>conspicis</span> <span class='ocrx_word' id='word_1_605' title='bbox 664 4014 790 4087; x_wconf 89' lang='lat' dir='ltr'>lepram;</span> <span class='ocrx_word' id='word_1_606' title='bbox 805 4024 834 4074; x_wconf 90' lang='lat' dir='ltr'>et</span> <span class='ocrx_word' id='word_1_607' title='bbox 848 4018 993 4092; x_wconf 85' lang='lat' dir='ltr'>leprosam</span> <span class='ocrx_word' id='word_1_608' title='bbox 1047 4020 1162 4076; x_wconf 88' lang='lat' dir='ltr'>vanitas</span> <span class='ocrx_word' id='word_1_609' title='bbox 1175 4020 1232 4076; x_wconf 90' lang='lat' dir='ltr'>ista</span> <span class='ocrx_word' id='word_1_610' title='bbox 1245 4019 1307 4076; x_wconf 82' lang='lat' dir='ltr'>liae</span> <span class='ocrx_word' id='word_1_611' title='bbox 1317 4023 1378 4087; x_wconf 89' lang='lat' dir='ltr'>tua,</span> <span class='ocrx_word' id='word_1_612' title='bbox 1389 4005 1543 4075; x_wconf 85' lang='lat' dir='ltr'>considera</span> <span class='ocrx_word' id='word_1_613' title='bbox 1556 4033 1624 4074; x_wconf 88' lang='lat' dir='ltr'>cum</span> <span class='ocrx_word' id='word_1_614' title='bbox 1639 4014 1902 4089; x_wconf 77' lang='lat' dir='ltr'>illis-pariterrs··</span> 
     </span>
     <span class='ocr_line' id='line_1_55' title="bbox 167 4098 1897 4182; baseline 0.004 -25"><span class='ocrx_word' id='word_1_615' title='bbox 167 4098 285 4159; x_wconf 86' lang='lat' dir='ltr'>fletibus</span> <span class='ocrx_word' id='word_1_616' title='bbox 300 4116 359 4156; x_wconf 90' lang='lat' dir='ltr'>non</span> <span class='ocrx_word' id='word_1_617' title='bbox 375 4099 471 4157; x_wconf 91' lang='lat' dir='ltr'>deluis</span> <span class='ocrx_word' id='word_1_618' title='bbox 487 4101 636 4158; x_wconf 80' lang='lat' dir='ltr'>animam?</span> <span class='ocrx_word' id='word_1_619' title='bbox 650 4103 803 4177; x_wconf 81' lang='lat' dir='ltr'>Templum</span> <span class='ocrx_word' id='word_1_620' title='bbox 817 4106 868 4164; x_wconf 90' lang='lat' dir='ltr'>Dei</span> <span class='ocrx_word' id='word_1_621' title='bbox 879 4109 908 4164; x_wconf 92' lang='lat' dir='ltr'>in</span> <span class='ocrx_word' id='word_1_622' title='bbox 924 4113 951 4166; x_wconf 92' lang='lat' dir='ltr'>te</span> <span class='ocrx_word' id='word_1_623' title='bbox 966 4115 995 4167; x_wconf 91' lang='lat' dir='ltr'>et</span> <span class='ocrx_word' id='word_1_624' title='bbox 1048 4109 1202 4180; x_wconf 90' lang='lat' dir='ltr'>probatum</span> <span class='ocrx_word' id='word_1_625' title='bbox 1218 4109 1297 4178; x_wconf 82' lang='lat' dir='ltr'>saul,</span> <span class='ocrx_word' id='word_1_626' title='bbox 1313 4108 1502 4182; x_wconf 88' lang='lat' dir='ltr'>prophetasse</span> <span class='ocrx_word' id='word_1_627' title='bbox 1523 4106 1679 4180; x_wconf 78' lang='lat' dir='ltr'>Caipbam3</span> <span class='ocrx_word' id='word_1_628' title='bbox 1701 4105 1794 4163; x_wconf 78' lang='lat' dir='ltr'>redde</span> <span class='ocrx_word' id='word_1_629' title='bbox 1815 4122 1897 4164; x_wconf 58' lang='lat' dir='ltr'>meo</span> 
     </span>
     <span class='ocr_line' id='line_1_56' title="bbox 165 4185 1887 4269; baseline 0.005 -25"><span class='ocrx_word' id='word_1_630' title='bbox 165 4186 196 4244; x_wconf 91' lang='lat' dir='ltr'>in</span> <span class='ocrx_word' id='word_1_631' title='bbox 206 4185 405 4258; x_wconf 83' lang='lat' dir='ltr'>aliisviolasli,</span> <span class='ocrx_word' id='word_1_632' title='bbox 414 4189 592 4249; x_wconf 90' lang='lat' dir='ltr'>oblationem</span> <span class='ocrx_word' id='word_1_633' title='bbox 603 4191 697 4248; x_wconf 88' lang='lat' dir='ltr'>Patris</span> <span class='ocrx_word' id='word_1_634' title='bbox 709 4193 751 4248; x_wconf 92' lang='lat' dir='ltr'>tui</span> <span class='ocrx_word' id='word_1_635' title='bbox 764 4195 886 4252; x_wconf 81' lang='lat' dir='ltr'>Domino</span> <span class='ocrx_word' id='word_1_636' title='bbox 897 4200 995 4256; x_wconf 92' lang='lat' dir='ltr'>abstu-</span> <span class='ocrx_word' id='word_1_637' title='bbox 1048 4196 1148 4252; x_wconf 84' lang='lat' dir='ltr'>morio</span> <span class='ocrx_word' id='word_1_638' title='bbox 1165 4197 1287 4254; x_wconf 91' lang='lat' dir='ltr'>rationis</span> <span class='ocrx_word' id='word_1_639' title='bbox 1301 4197 1390 4255; x_wconf 87' lang='lat' dir='ltr'>verba</span> <span class='ocrx_word' id='word_1_640' title='bbox 1409 4197 1523 4262; x_wconf 86' lang='lat' dir='ltr'>asinam</span> <span class='ocrx_word' id='word_1_641' title='bbox 1542 4213 1578 4252; x_wconf 81' lang='lat' dir='ltr'>ea</span> <span class='ocrx_word' id='word_1_642' title='bbox 1590 4192 1820 4269; x_wconf 85' lang='lat' dir='ltr'>visioneangeli</span> <span class='ocrx_word' id='word_1_643' title='bbox 1834 4211 1887 4253; x_wconf 85' lang='lat' dir='ltr'>ac-</span> 
     </span>
     <span class='ocr_line' id='line_1_57' title="bbox 164 4275 1879 4361; baseline 0.004 -28"><span class='ocrx_word' id='word_1_644' title='bbox 164 4275 240 4350; x_wconf 80' lang='lat' dir='ltr'>listi:</span> <span class='ocrx_word' id='word_1_645' title='bbox 256 4281 285 4334; x_wconf 90' lang='lat' dir='ltr'>et</span> <span class='ocrx_word' id='word_1_646' title='bbox 306 4277 337 4335; x_wconf 90' lang='lat' dir='ltr'>in</span> <span class='ocrx_word' id='word_1_647' title='bbox 360 4280 447 4335; x_wconf 91' lang='lat' dir='ltr'>domo</span> <span class='ocrx_word' id='word_1_648' title='bbox 465 4278 599 4335; x_wconf 80' lang='lat' dir='ltr'>Ecclesia</span> <span class='ocrx_word' id='word_1_649' title='bbox 624 4281 672 4336; x_wconf 89' lang='lat' dir='ltr'>Dei</span> <span class='ocrx_word' id='word_1_650' title='bbox 695 4281 871 4341; x_wconf 85' lang='lat' dir='ltr'>fiducialiter</span> <span class='ocrx_word' id='word_1_651' title='bbox 892 4304 992 4361; x_wconf 88' lang='lat' dir='ltr'>agens,</span> <span class='ocrx_word' id='word_1_652' title='bbox 1047 4286 1170 4357; x_wconf 87' lang='lat' dir='ltr'>cepisse,</span> <span class='ocrx_word' id='word_1_653' title='bbox 1192 4287 1345 4355; x_wconf 77' lang='lat' dir='ltr'>damonia,</span> <span class='ocrx_word' id='word_1_654' title='bbox 1362 4287 1477 4356; x_wconf 67' lang='lat' dir='ltr'>Samus,</span> <span class='ocrx_word' id='word_1_655' title='bbox 1498 4286 1560 4358; x_wconf 88' lang='lat' dir='ltr'>qais</span> <span class='ocrx_word' id='word_1_656' title='bbox 1581 4285 1638 4353; x_wconf 82' lang='lat' dir='ltr'>sis,</span> <span class='ocrx_word' id='word_1_657' title='bbox 1651 4281 1788 4352; x_wconf 61' lang='lat' dir='ltr'>atrata,</span> <span class='ocrx_word' id='word_1_658' title='bbox 1800 4284 1879 4355; x_wconf 76' lang='lat' dir='ltr'>filias</span> 
     </span>
     <span class='ocr_line' id='line_1_58' title="bbox 164 4366 1877 4448; baseline 0.004 -24"><span class='ocrx_word' id='word_1_659' title='bbox 164 4366 324 4440; x_wconf 91' lang='lat' dir='ltr'>altariejus</span> <span class='ocrx_word' id='word_1_660' title='bbox 335 4367 399 4425; x_wconf 90' lang='lat' dir='ltr'>sine</span> <span class='ocrx_word' id='word_1_661' title='bbox 409 4368 547 4441; x_wconf 80' lang='lat' dir='ltr'>lacrymis</span> <span class='ocrx_word' id='word_1_662' title='bbox 558 4368 719 4427; x_wconf 88' lang='lat' dir='ltr'>oblationes</span> <span class='ocrx_word' id='word_1_663' title='bbox 731 4372 860 4429; x_wconf 84' lang='lat' dir='ltr'>fidelium</span> <span class='ocrx_word' id='word_1_664' title='bbox 873 4392 993 4435; x_wconf 89' lang='lat' dir='ltr'>securus</span> <span class='ocrx_word' id='word_1_665' title='bbox 1047 4375 1096 4431; x_wconf 85' lang='lat' dir='ltr'>Dei</span> <span class='ocrx_word' id='word_1_666' title='bbox 1111 4375 1185 4446; x_wconf 82' lang='lat' dir='ltr'>(lac.</span> <span class='ocrx_word' id='word_1_667' title='bbox 1199 4392 1236 4444; x_wconf 93' lang='lat' dir='ltr'>1v,</span> <span class='ocrx_word' id='word_1_668' title='bbox 1249 4375 1305 4448; x_wconf 74' lang='lat'>34),</span> <span class='ocrx_word' id='word_1_669' title='bbox 1317 4376 1436 4444; x_wconf 87' lang='lat' dir='ltr'>dixisse,</span> <span class='ocrx_word' id='word_1_670' title='bbox 1447 4379 1476 4432; x_wconf 89' lang='lat' dir='ltr'>et</span> <span class='ocrx_word' id='word_1_671' title='bbox 1499 4373 1611 4431; x_wconf 89' lang='lat' dir='ltr'>nullius</span> <span class='ocrx_word' id='word_1_672' title='bbox 1627 4373 1663 4430; x_wconf 91' lang='lat' dir='ltr'>ab</span> <span class='ocrx_word' id='word_1_673' title='bbox 1679 4371 1736 4431; x_wconf 90' lang='lat' dir='ltr'>boo</span> <span class='ocrx_word' id='word_1_674' title='bbox 1759 4376 1789 4430; x_wconf 87' lang='lat' dir='ltr'>te</span> <span class='ocrx_word' id='word_1_675' title='bbox 1813 4390 1877 4431; x_wconf 90' lang='lat' dir='ltr'>mo·</span> 
     </span>
     <span class='ocr_line' id='line_1_59' title="bbox 166 4457 1874 4539; baseline 0.004 -26"><span class='ocrx_word' id='word_1_676' title='bbox 166 4457 314 4530; x_wconf 84' lang='lat' dir='ltr'>imponis?</span> <span class='ocrx_word' id='word_1_677' title='bbox 333 4458 507 4517; x_wconf 82' lang='lat' dir='ltr'>Deessetibi</span> <span class='ocrx_word' id='word_1_678' title='bbox 530 4459 675 4533; x_wconf 89' lang='lat' dir='ltr'>conspicis</span> <span class='ocrx_word' id='word_1_679' title='bbox 698 4461 828 4519; x_wconf 87' lang='lat' dir='ltr'>lactucas</span> <span class='ocrx_word' id='word_1_680' title='bbox 851 4471 991 4539; x_wconf 89' lang='lat' dir='ltr'>agrestes,</span> <span class='ocrx_word' id='word_1_681' title='bbox 1047 4464 1190 4532; x_wconf 70' lang='lat' dir='ltr'>montisi</span> <span class='ocrx_word' id='word_1_682' title='bbox 1213 4464 1363 4537; x_wconf 87' lang='lat' dir='ltr'>loquacior</span> <span class='ocrx_word' id='word_1_683' title='bbox 1386 4465 1427 4521; x_wconf 88' lang='lat' dir='ltr'>sis</span> <span class='ocrx_word' id='word_1_684' title='bbox 1451 4461 1781 4534; x_wconf 69' lang='lat' dir='ltr'>catemaessapotsris</span> <span class='ocrx_word' id='word_1_685' title='bbox 1805 4479 1874 4520; x_wconf 84' lang='lat' dir='ltr'>ooa-</span> 
     </span>
     <span class='ocr_line' id='line_1_60' title="bbox 164 4546 1878 4645; baseline 0.005 -44"><span class='ocrx_word' id='word_1_686' title='bbox 164 4546 990 4627; x_wconf 78' lang='lat' dir='ltr'>etagnumDeicomedereaudes?azymamnonhahere,</span> <span class='ocrx_word' id='word_1_687' title='bbox 1005 4579 1029 4645; x_wconf 72' lang='lat' dir='ltr'>D</span> <span class='ocrx_word' id='word_1_688' title='bbox 1046 4554 1161 4624; x_wconf 81' lang='lat' dir='ltr'>iactare.</span> <span class='ocrx_word' id='word_1_689' title='bbox 1178 4554 1229 4610; x_wconf 89' lang='lat' dir='ltr'>Vir</span> <span class='ocrx_word' id='word_1_690' title='bbox 1253 4554 1343 4623; x_wconf 91' lang='lat' dir='ltr'>enim,</span> <span class='ocrx_word' id='word_1_691' title='bbox 1363 4555 1414 4627; x_wconf 83' lang='lat' dir='ltr'>qui</span> <span class='ocrx_word' id='word_1_692' title='bbox 1439 4556 1549 4626; x_wconf 75' lang='lat' dir='ltr'>paoem</span> <span class='ocrx_word' id='word_1_693' title='bbox 1572 4552 1687 4619; x_wconf 69' lang='lat' dir='ltr'>seminis</span> <span class='ocrx_word' id='word_1_694' title='bbox 1713 4551 1878 4623; x_wconf 74' lang='lat' dir='ltr'>patiebatur</span> 
     </span>
     <span class='ocr_line' id='line_1_61' title="bbox 164 4635 1877 4717; baseline 0.004 -27"><span class='ocrx_word' id='word_1_695' title='bbox 164 4639 194 4690; x_wconf 90' lang='lat' dir='ltr'>et</span> <span class='ocrx_word' id='word_1_696' title='bbox 207 4635 243 4690; x_wconf 92' lang='lat' dir='ltr'>ds</span> <span class='ocrx_word' id='word_1_697' title='bbox 255 4635 367 4692; x_wconf 87' lang='lat' dir='ltr'>Pascha</span> <span class='ocrx_word' id='word_1_698' title='bbox 383 4637 578 4709; x_wconf 80' lang='lat' dir='ltr'>praesumere?</span> <span class='ocrx_word' id='word_1_699' title='bbox 593 4637 779 4695; x_wconf 89' lang='lat' dir='ltr'>Fermentum</span> <span class='ocrx_word' id='word_1_700' title='bbox 802 4642 831 4696; x_wconf 94' lang='lat' dir='ltr'>in</span> <span class='ocrx_word' id='word_1_701' title='bbox 850 4646 878 4699; x_wconf 90' lang='lat' dir='ltr'>to</span> <span class='ocrx_word' id='word_1_702' title='bbox 899 4646 990 4703; x_wconf 89' lang='lat' dir='ltr'>sentis</span> <span class='ocrx_word' id='word_1_703' title='bbox 1046 4643 1140 4715; x_wconf 78' lang='lat' dir='ltr'>(teuit.</span> <span class='ocrx_word' id='word_1_704' title='bbox 1158 4661 1205 4713; x_wconf 89' lang='lat' dir='ltr'>xv,</span> <span class='ocrx_word' id='word_1_705' title='bbox 1219 4643 1258 4717; x_wconf 84' lang='lat'>2),</span> <span class='ocrx_word' id='word_1_706' title='bbox 1273 4643 1430 4700; x_wconf 80' lang='lat' dir='ltr'>immundas</span> <span class='ocrx_word' id='word_1_707' title='bbox 1445 4643 1531 4714; x_wconf 83' lang='lat' dir='ltr'>Juxta</span> <span class='ocrx_word' id='word_1_708' title='bbox 1550 4640 1655 4714; x_wconf 88' lang='lat' dir='ltr'>legem,</span> <span class='ocrx_word' id='word_1_709' title='bbox 1671 4655 1732 4696; x_wconf 87' lang='lat' dir='ltr'>noo</span> <span class='ocrx_word' id='word_1_710' title='bbox 1751 4640 1877 4714; x_wconf 61' lang='lat' dir='ltr'>conspr.</span> 
     </span>
     <span class='ocr_line' id='line_1_62' title="bbox 164 4721 1878 4805; baseline 0.004 -27"><span class='ocrx_word' id='word_1_711' title='bbox 164 4721 285 4787; x_wconf 68' lang='lat' dir='ltr'>malitie)</span> <span class='ocrx_word' id='word_1_712' title='bbox 297 4726 326 4780; x_wconf 90' lang='lat' dir='ltr'>et</span> <span class='ocrx_word' id='word_1_713' title='bbox 341 4725 491 4794; x_wconf 82' lang='lat' dir='ltr'>nequitis;</span> <span class='ocrx_word' id='word_1_714' title='bbox 503 4729 532 4782; x_wconf 91' lang='lat' dir='ltr'>ot</span> <span class='ocrx_word' id='word_1_715' title='bbox 545 4725 657 4797; x_wconf 90' lang='lat' dir='ltr'>epulari</span> <span class='ocrx_word' id='word_1_716' title='bbox 673 4727 702 4782; x_wconf 90' lang='lat' dir='ltr'>in</span> <span class='ocrx_word' id='word_1_717' title='bbox 718 4728 840 4786; x_wconf 89' lang='lat' dir='ltr'>Domino</span> <span class='ocrx_word' id='word_1_718' title='bbox 856 4733 947 4791; x_wconf 90' lang='lat' dir='ltr'>audes</span> <span class='ocrx_word' id='word_1_719' title='bbox 961 4739 990 4791; x_wconf 92' lang='lat' dir='ltr'>te</span> <span class='ocrx_word' id='word_1_720' title='bbox 1044 4749 1118 4789; x_wconf 84' lang='lat' dir='ltr'>cuae</span> <span class='ocrx_word' id='word_1_721' title='bbox 1132 4732 1176 4805; x_wconf 86' lang='lat' dir='ltr'>(ut</span> <span class='ocrx_word' id='word_1_722' title='bbox 1189 4731 1279 4788; x_wconf 90' lang='lat' dir='ltr'>videri</span> <span class='ocrx_word' id='word_1_723' title='bbox 1302 4731 1410 4804; x_wconf 89' lang='lat' dir='ltr'>inbias)</span> <span class='ocrx_word' id='word_1_724' title='bbox 1426 4734 1493 4796; x_wconf 66' lang='lat' dir='ltr'>crib·</span> <span class='ocrx_word' id='word_1_725' title='bbox 1508 4730 1592 4787; x_wconf 87' lang='lat' dir='ltr'>sicut.</span> <span class='ocrx_word' id='word_1_726' title='bbox 1608 4732 1637 4787; x_wconf 85' lang='lat' dir='ltr'>et</span> <span class='ocrx_word' id='word_1_727' title='bbox 1659 4729 1706 4785; x_wconf 85' lang='lat' dir='ltr'>de</span> <span class='ocrx_word' id='word_1_728' title='bbox 1720 4726 1878 4787; x_wconf 60' lang='lat' dir='ltr'>labuntur,</span> 
     </span>
     <span class='ocr_line' id='line_1_63' title="bbox 163 4811 1869 4895; baseline 0.005 -28"><span class='ocrx_word' id='word_1_729' title='bbox 163 4813 256 4867; x_wconf 90' lang='lat' dir='ltr'>satem</span> <span class='ocrx_word' id='word_1_730' title='bbox 281 4812 324 4883; x_wconf 79' lang='grc'>[(.,</span> <span class='ocrx_word' id='word_1_731' title='bbox 335 4811 451 4884; x_wconf 82' lang='lat' dir='ltr'>saltem]</span> <span class='ocrx_word' id='word_1_732' title='bbox 463 4813 507 4870; x_wconf 94' lang='lat' dir='ltr'>vel</span> <span class='ocrx_word' id='word_1_733' title='bbox 518 4815 657 4870; x_wconf 77' lang='lat' dir='ltr'>crederet</span> <span class='ocrx_word' id='word_1_734' title='bbox 671 4815 783 4874; x_wconf 83' lang='lat' dir='ltr'>Habere</span> <span class='ocrx_word' id='word_1_735' title='bbox 792 4820 947 4878; x_wconf 91' lang='lat' dir='ltr'>adversum</span> <span class='ocrx_word' id='word_1_736' title='bbox 962 4827 990 4880; x_wconf 92' lang='lat' dir='ltr'>te</span> <span class='ocrx_word' id='word_1_737' title='bbox 1044 4821 1266 4895; x_wconf 84' lang='lat' dir='ltr'>inquietissima</span> <span class='ocrx_word' id='word_1_738' title='bbox 1275 4821 1490 4894; x_wconf 85' lang='lat' dir='ltr'>inquietudinis</span> <span class='ocrx_word' id='word_1_739' title='bbox 1498 4816 1869 4893; x_wconf 66' lang='lat' dir='ltr'>tuaquibuserectooouo,</span> 
     </span>
     <span class='ocr_line' id='line_1_64' title="bbox 76 4897 1877 4985; baseline 0.006 -32"><span class='ocrx_word' id='word_1_740' title='bbox 76 4978 77 4982; x_wconf 6' lang='grc' dir='ltr'><strong>Ἰ</strong></span> <span class='ocrx_word' id='word_1_741' title='bbox 163 4897 273 4955; x_wconf 89' lang='lat' dir='ltr'>multos</span> <span class='ocrx_word' id='word_1_742' title='bbox 289 4899 383 4956; x_wconf 89' lang='lat' dir='ltr'>multa</span> <span class='ocrx_word' id='word_1_743' title='bbox 401 4917 460 4956; x_wconf 88' lang='lat' dir='ltr'>non</span> <span class='ocrx_word' id='word_1_744' title='bbox 476 4902 603 4975; x_wconf 87' lang='lat' dir='ltr'>ignoras,</span> <span class='ocrx_word' id='word_1_745' title='bbox 619 4907 648 4958; x_wconf 90' lang='lat' dir='ltr'>et</span> <span class='ocrx_word' id='word_1_746' title='bbox 664 4920 785 4960; x_wconf 84' lang='lat' dir='ltr'>mvmera</span> <span class='ocrx_word' id='word_1_747' title='bbox 809 4912 875 4964; x_wconf 90' lang='lat' dir='ltr'>ante</span> <span class='ocrx_word' id='word_1_748' title='bbox 898 4910 989 4970; x_wconf 88' lang='lat' dir='ltr'>altare</span> <span class='ocrx_word' id='word_1_749' title='bbox 1043 4910 1211 4983; x_wconf 89' lang='lat' dir='ltr'>superciliis</span> <span class='ocrx_word' id='word_1_750' title='bbox 1237 4909 1355 4968; x_wconf 88' lang='lat' dir='ltr'>elevatis</span> <span class='ocrx_word' id='word_1_751' title='bbox 1374 4911 1449 4985; x_wconf 81' lang='grc'>(595)</span> <span class='ocrx_word' id='word_1_752' title='bbox 1471 4909 1688 4984; x_wconf 84' lang='lat' dir='ltr'>amplificatam.</span> <span class='ocrx_word' id='word_1_753' title='bbox 1707 4905 1877 4979; x_wconf 65' lang='lat' dir='ltr'>Ecclesiam.</span> 
     </span>
     <span class='ocr_line' id='line_1_65' title="bbox 197 5005 1870 5092; baseline 0.004 -29"><span class='ocrx_word' id='word_1_754' title='bbox 197 5005 271 5089; x_wconf 68' lang='lat'>(592)</span> <span class='ocrx_word' id='word_1_755' title='bbox 286 5006 429 5064; x_wconf 83' lang='lat' dir='ltr'>Construe</span> <span class='ocrx_word' id='word_1_756' title='bbox 444 5026 450 5063; x_wconf 94' lang='lat'>:</span> <span class='ocrx_word' id='word_1_757' title='bbox 470 5009 566 5064; x_wconf 85' lang='lat' dir='ltr'>Veram</span> <span class='ocrx_word' id='word_1_758' title='bbox 580 5013 611 5064; x_wconf 86' lang='lat' dir='ltr'>at</span> <span class='ocrx_word' id='word_1_759' title='bbox 624 5015 729 5092; x_wconf 78' lang='lat' dir='ltr'>rorstet</span> <span class='ocrx_word' id='word_1_760' title='bbox 743 5014 902 5084; x_wconf 82' lang='lat' dir='ltr'>vipdaotem</span> <span class='ocrx_word' id='word_1_761' title='bbox 916 5021 988 5076; x_wconf 84' lang='lat' dir='ltr'>vide-</span> <span class='ocrx_word' id='word_1_762' title='bbox 1043 5016 1165 5073; x_wconf 88' lang='lat' dir='ltr'>ecclesia</span> <span class='ocrx_word' id='word_1_763' title='bbox 1179 5016 1388 5091; x_wconf 87' lang='lat' dir='ltr'>intelligendus</span> <span class='ocrx_word' id='word_1_764' title='bbox 1399 5019 1447 5087; x_wconf 91' lang='lat' dir='ltr'>sit,</span> <span class='ocrx_word' id='word_1_765' title='bbox 1467 5016 1656 5074; x_wconf 84' lang='lat' dir='ltr'>vehementer</span> <span class='ocrx_word' id='word_1_766' title='bbox 1677 5010 1870 5086; x_wconf 79' lang='lat' dir='ltr'>ambigimus.</span> 
     </span>
     <span class='ocr_line' id='line_1_66' title="bbox 161 5081 1877 5162; baseline 0.005 -29"><span class='ocrx_word' id='word_1_767' title='bbox 161 5093 202 5144; x_wconf 88' lang='lat' dir='ltr'>re,</span> <span class='ocrx_word' id='word_1_768' title='bbox 218 5082 259 5135; x_wconf 81' lang='lat' dir='ltr'>ita</span> <span class='ocrx_word' id='word_1_769' title='bbox 270 5087 296 5135; x_wconf 86' lang='lat' dir='ltr'>et</span> <span class='ocrx_word' id='word_1_770' title='bbox 308 5084 415 5160; x_wconf 77' lang='lat' dir='ltr'>comici</span> <span class='ocrx_word' id='word_1_771' title='bbox 429 5081 533 5150; x_wconf 79' lang='lat' dir='ltr'>referre</span> <span class='ocrx_word' id='word_1_772' title='bbox 546 5098 608 5147; x_wconf 84' lang='lat' dir='ltr'>sao,</span> <span class='ocrx_word' id='word_1_773' title='bbox 623 5097 647 5162; x_wconf 70' lang='lat' dir='ltr'>si</span> <span class='ocrx_word' id='word_1_774' title='bbox 662 5083 778 5154; x_wconf 80' lang='lat' dir='ltr'>rrrplipr&#39;i</span> <span class='ocrx_word' id='word_1_775' title='bbox 790 5085 928 5146; x_wconf 80' lang='lat' dir='ltr'>declinare</span> <span class='ocrx_word' id='word_1_776' title='bbox 943 5094 988 5147; x_wconf 82' lang='lat' dir='ltr'>io·</span> <span class='ocrx_word' id='word_1_777' title='bbox 1042 5088 1140 5160; x_wconf 91' lang='lat' dir='ltr'>Neque</span> <span class='ocrx_word' id='word_1_778' title='bbox 1155 5088 1233 5143; x_wconf 87' lang='lat' dir='ltr'>enirn</span> <span class='ocrx_word' id='word_1_779' title='bbox 1250 5089 1400 5161; x_wconf 89' lang='lat' dir='ltr'>probabile</span> <span class='ocrx_word' id='word_1_780' title='bbox 1414 5094 1459 5146; x_wconf 87' lang='lat' dir='ltr'>est</span> <span class='ocrx_word' id='word_1_781' title='bbox 1481 5088 1637 5145; x_wconf 81' lang='lat' dir='ltr'>lectionem</span> <span class='ocrx_word' id='word_1_782' title='bbox 1659 5081 1817 5142; x_wconf 83' lang='lat' dir='ltr'>bominum</span> <span class='ocrx_word' id='word_1_783' title='bbox 1832 5085 1877 5142; x_wconf 81' lang='lat' dir='ltr'>sd·-</span> 
     </span>
     <span class='ocr_line' id='line_1_67' title="bbox 160 5154 1878 5234; baseline -0.006 -14"><span class='ocrx_word' id='word_1_784' title='bbox 160 5154 349 5220; x_wconf 58' lang='lat' dir='ltr'>lti&#39;ssmllwwm</span> <span class='ocrx_word' id='word_1_785' title='bbox 362 5168 406 5207; x_wconf 71' lang='lat' dir='ltr'>sut</span> <span class='ocrx_word' id='word_1_786' title='bbox 419 5168 554 5234; x_wconf 68' lang='lat' dir='ltr'>commas</span> <span class='ocrx_word' id='word_1_787' title='bbox 567 5160 697 5223; x_wconf 78' lang='lat' dir='ltr'>positam.</span> <span class='ocrx_word' id='word_1_788' title='bbox 1040 5175 1143 5216; x_wconf 88' lang='lat' dir='ltr'>versus</span> <span class='ocrx_word' id='word_1_789' title='bbox 1159 5159 1327 5216; x_wconf 81' lang='lat' dir='ltr'>liutharium</span> <span class='ocrx_word' id='word_1_790' title='bbox 1351 5162 1423 5218; x_wconf 90' lang='lat' dir='ltr'>adeo</span> <span class='ocrx_word' id='word_1_791' title='bbox 1437 5161 1601 5225; x_wconf 75' lang='lat' dir='ltr'>desaevisse,</span> <span class='ocrx_word' id='word_1_792' title='bbox 1614 5160 1647 5214; x_wconf 88' lang='lat' dir='ltr'>ut</span> <span class='ocrx_word' id='word_1_793' title='bbox 1659 5155 1818 5230; x_wconf 78' lang='lat' dir='ltr'>templum</span> <span class='ocrx_word' id='word_1_794' title='bbox 1833 5155 1878 5214; x_wconf 47' lang='lat' dir='ltr'>ab,</span> 
     </span>
     <span class='ocr_line' id='line_1_68' title="bbox 206 5221 1877 5363; baseline 0.006 -88"><span class='ocrx_word' id='word_1_795' title='bbox 206 5221 272 5363; x_wconf 52' lang='grc'>593)</span> <span class='ocrx_word' id='word_1_796' title='bbox 288 5222 320 5277; x_wconf 91' lang='lat' dir='ltr'>ld</span> <span class='ocrx_word' id='word_1_797' title='bbox 335 5227 380 5279; x_wconf 90' lang='lat' dir='ltr'>est</span> <span class='ocrx_word' id='word_1_798' title='bbox 394 5224 531 5307; x_wconf 78' lang='lat' dir='ltr'>compellit</span> <span class='ocrx_word' id='word_1_799' title='bbox 545 5231 571 5278; x_wconf 85' lang='lat' dir='ltr'>et</span> <span class='ocrx_word' id='word_1_800' title='bbox 583 5239 626 5277; x_wconf 89' lang='lat' dir='ltr'>me</span> <span class='ocrx_word' id='word_1_801' title='bbox 640 5240 694 5279; x_wconf 72' lang='lat' dir='ltr'>raon</span> <span class='ocrx_word' id='word_1_802' title='bbox 711 5225 855 5298; x_wconf 77' lang='lat' dir='ltr'>desperare</span> <span class='ocrx_word' id='word_1_803' title='bbox 868 5231 901 5287; x_wconf 82' lang='lat' dir='ltr'>de</span> <span class='ocrx_word' id='word_1_804' title='bbox 915 5240 949 5289; x_wconf 82' lang='lat' dir='ltr'>te.</span> <span class='ocrx_word' id='word_1_805' title='bbox 1040 5248 1074 5288; x_wconf 91' lang='lat' dir='ltr'>eo</span> <span class='ocrx_word' id='word_1_806' title='bbox 1093 5230 1304 5302; x_wconf 81' lang='lat' dir='ltr'>amplificatum</span> <span class='ocrx_word' id='word_1_807' title='bbox 1326 5232 1545 5289; x_wconf 87' lang='lat' dir='ltr'>demoliendum</span> <span class='ocrx_word' id='word_1_808' title='bbox 1566 5228 1715 5296; x_wconf 84' lang='lat' dir='ltr'>duxeriat;</span> <span class='ocrx_word' id='word_1_809' title='bbox 1729 5231 1760 5284; x_wconf 87' lang='lat' dir='ltr'>et</span> <span class='ocrx_word' id='word_1_810' title='bbox 1773 5226 1877 5286; x_wconf 86' lang='lat' dir='ltr'>multo.</span> 
     </span>
     <span class='ocr_line' id='line_1_69' title="bbox 206 5293 1867 5378; baseline 0.005 -30"><span class='ocrx_word' id='word_1_811' title='bbox 206 5293 257 5376; x_wconf 64' lang='grc'>594</span> <span class='ocrx_word' id='word_1_812' title='bbox 285 5294 317 5375; x_wconf 72' lang='lat' dir='ltr'>lp</span> <span class='ocrx_word' id='word_1_813' title='bbox 333 5310 389 5350; x_wconf 91' lang='lat' dir='ltr'>ms.</span> <span class='ocrx_word' id='word_1_814' title='bbox 415 5299 646 5378; x_wconf 68' lang='lat' dir='ltr'>quiecorruptra</span> <span class='ocrx_word' id='word_1_815' title='bbox 670 5313 722 5369; x_wconf 90' lang='lat' dir='ltr'>pro</span> <span class='ocrx_word' id='word_1_816' title='bbox 746 5314 818 5369; x_wconf 59' lang='grc' dir='ltr'>(αα).</span> <span class='ocrx_word' id='word_1_817' title='bbox 844 5303 984 5375; x_wconf 85' lang='lat' dir='ltr'>Explica:</span> <span class='ocrx_word' id='word_1_818' title='bbox 1041 5299 1806 5376; x_wconf 72' lang='lat' dir='ltr'>minusverisimilecetetonemregamintaaaim</span> <span class='ocrx_word' id='word_1_819' title='bbox 1821 5315 1867 5356; x_wconf 66' lang='lat' dir='ltr'>u·</span> 
     </span>
     <span class='ocr_line' id='line_1_70' title="bbox 159 5366 1918 5449; baseline 0.005 -30"><span class='ocrx_word' id='word_1_820' title='bbox 159 5379 275 5448; x_wconf 78' lang='lat' dir='ltr'>creuisse</span> <span class='ocrx_word' id='word_1_821' title='bbox 304 5366 331 5420; x_wconf 85' lang='lat' dir='ltr'>id</span> <span class='ocrx_word' id='word_1_822' title='bbox 359 5370 405 5421; x_wconf 89' lang='lat' dir='ltr'>est</span> <span class='ocrx_word' id='word_1_823' title='bbox 437 5367 545 5422; x_wconf 79' lang='lat' dir='ltr'>vidisse</span> <span class='ocrx_word' id='word_1_824' title='bbox 574 5383 591 5421; x_wconf 92' lang='lat' dir='ltr'>a</span> <span class='ocrx_word' id='word_1_825' title='bbox 617 5383 708 5435; x_wconf 77' lang='lat' dir='ltr'>cerno,</span> <span class='ocrx_word' id='word_1_826' title='bbox 737 5386 796 5442; x_wconf 79' lang='lat' dir='ltr'>pua</span> <span class='ocrx_word' id='word_1_827' title='bbox 830 5373 983 5447; x_wconf 82' lang='lat' dir='ltr'>imminent,</span> <span class='ocrx_word' id='word_1_828' title='bbox 1040 5375 1191 5449; x_wconf 90' lang='lat' dir='ltr'>crilegium</span> <span class='ocrx_word' id='word_1_829' title='bbox 1208 5375 1411 5431; x_wconf 85' lang='lat' dir='ltr'>auctoritatem</span> <span class='ocrx_word' id='word_1_830' title='bbox 1430 5370 1784 5444; x_wconf 80' lang='lat' dir='ltr'>etmilitospraestitisss.</span> <span class='ocrx_word' id='word_1_831' title='bbox 1801 5369 1878 5428; x_wconf 65' lang='lat' dir='ltr'>lisa·</span> <span class='ocrx_word' id='word_1_832' title='bbox 1915 5374 1918 5379; x_wconf 86' lang='lat'>&#39;</span> 
     </span>
     <span class='ocr_line' id='line_1_71' title="bbox 159 5440 1882 5523; baseline 0.001 -24"><span class='ocrx_word' id='word_1_833' title='bbox 159 5452 193 5499; x_wconf 69' lang='lat'>³2,</span> <span class='ocrx_word' id='word_1_834' title='bbox 211 5440 266 5523; x_wconf 66' lang='grc' dir='ltr'>θὶς·</span> <span class='ocrx_word' id='word_1_835' title='bbox 309 5508 313 5518; x_wconf 34' lang='grc' dir='ltr'>Ι</span> <span class='ocrx_word' id='word_1_836' title='bbox 1039 5447 1139 5518; x_wconf 88' lang='lat' dir='ltr'>itaque</span> <span class='ocrx_word' id='word_1_837' title='bbox 1157 5446 1310 5519; x_wconf 88' lang='lat' dir='ltr'>allegorice</span> <span class='ocrx_word' id='word_1_838' title='bbox 1331 5447 1520 5503; x_wconf 89' lang='lat' dir='ltr'>verisimilius</span> <span class='ocrx_word' id='word_1_839' title='bbox 1543 5442 1716 5517; x_wconf 79' lang='lat' dir='ltr'>accipienda</span> <span class='ocrx_word' id='word_1_840' title='bbox 1736 5444 1809 5498; x_wconf 82' lang='lat' dir='ltr'>sunt</span> <span class='ocrx_word' id='word_1_841' title='bbox 1831 5440 1882 5501; x_wconf 69' lang='lat' dir='ltr'>‹lo›</span> 
     </span>
     <span class='ocr_line' id='line_1_72' title="bbox 195 5507 1870 5593; baseline 0.006 -32"><span class='ocrx_word' id='word_1_842' title='bbox 195 5507 267 5579; x_wconf 73' lang='lat'>(590)</span> <span class='ocrx_word' id='word_1_843' title='bbox 282 5512 332 5564; x_wconf 81' lang='lat' dir='ltr'>llic</span> <span class='ocrx_word' id='word_1_844' title='bbox 344 5508 426 5564; x_wconf 88' lang='lat' dir='ltr'>locus</span> <span class='ocrx_word' id='word_1_845' title='bbox 440 5508 557 5566; x_wconf 84' lang='lat' dir='ltr'>laxatus</span> <span class='ocrx_word' id='word_1_846' title='bbox 568 5509 661 5576; x_wconf 88' lang='lat' dir='ltr'>valde,</span> <span class='ocrx_word' id='word_1_847' title='bbox 675 5515 704 5565; x_wconf 85' lang='lat' dir='ltr'>ct</span> <span class='ocrx_word' id='word_1_848' title='bbox 717 5512 788 5568; x_wconf 82' lang='lat' dir='ltr'>loric</span> <span class='ocrx_word' id='word_1_849' title='bbox 798 5514 885 5571; x_wconf 89' lang='lat' dir='ltr'>ctiam</span> <span class='ocrx_word' id='word_1_850' title='bbox 903 5535 984 5575; x_wconf 91' lang='lat' dir='ltr'>mon-</span> <span class='ocrx_word' id='word_1_851' title='bbox 1040 5520 1163 5593; x_wconf 80' lang='lat' dir='ltr'>mystica</span> <span class='ocrx_word' id='word_1_852' title='bbox 1177 5535 1229 5574; x_wconf 91' lang='lat' dir='ltr'>seu</span> <span class='ocrx_word' id='word_1_853' title='bbox 1246 5519 1310 5573; x_wconf 89' lang='lat' dir='ltr'>viva</span> <span class='ocrx_word' id='word_1_854' title='bbox 1324 5514 1453 5575; x_wconf 80' lang='lat' dir='ltr'>Ecclesia</span> <span class='ocrx_word' id='word_1_855' title='bbox 1466 5515 1647 5583; x_wconf 63' lang='lat' dir='ltr'>Laodiceam,</span> <span class='ocrx_word' id='word_1_856' title='bbox 1660 5515 1690 5570; x_wconf 89' lang='lat' dir='ltr'>in</span> <span class='ocrx_word' id='word_1_857' title='bbox 1704 5529 1768 5586; x_wconf 76' lang='lat' dir='ltr'>qua</span> <span class='ocrx_word' id='word_1_858' title='bbox 1778 5511 1870 5571; x_wconf 78' lang='lat' dir='ltr'>adit·</span> 
     </span>
    </p>
   </div>
   <div class='ocr_carea' id='block_1_8' title="bbox 158 5577 1866 5661">
    <p class='ocr_par' dir='ltr' id='par_1_9' title="bbox 158 5577 1866 5661">
     <span class='ocr_line' id='line_1_73' title="bbox 158 5577 1866 5661; baseline 0.007 -28"><span class='ocrx_word' id='word_1_859' title='bbox 158 5577 259 5646; x_wconf 85' lang='lat' dir='ltr'>dosus,</span> <span class='ocrx_word' id='word_1_860' title='bbox 273 5579 345 5636; x_wconf 91' lang='lat' dir='ltr'>dum</span> <span class='ocrx_word' id='word_1_861' title='bbox 362 5581 518 5638; x_wconf 77' lang='lat' dir='ltr'>Ecclesiam</span> <span class='ocrx_word' id='word_1_862' title='bbox 535 5581 632 5636; x_wconf 91' lang='lat' dir='ltr'>innuit</span> <span class='ocrx_word' id='word_1_863' title='bbox 647 5598 664 5636; x_wconf 91' lang='lat' dir='ltr'>a</span> <span class='ocrx_word' id='word_1_864' title='bbox 679 5582 816 5640; x_wconf 83' lang='lat' dir='ltr'>Rathcrio</span> <span class='ocrx_word' id='word_1_865' title='bbox 832 5590 918 5660; x_wconf 81' lang='lat' dir='ltr'>ampli</span> <span class='ocrx_word' id='word_1_866' title='bbox 938 5608 984 5647; x_wconf 86' lang='lat' dir='ltr'>ea·</span> <span class='ocrx_word' id='word_1_867' title='bbox 1038 5591 1131 5646; x_wconf 90' lang='lat' dir='ltr'>canda</span> <span class='ocrx_word' id='word_1_868' title='bbox 1145 5605 1195 5646; x_wconf 89' lang='lat' dir='ltr'>seu</span> <span class='ocrx_word' id='word_1_869' title='bbox 1221 5589 1429 5661; x_wconf 81' lang='lat' dir='ltr'>amplificanda</span> <span class='ocrx_word' id='word_1_870' title='bbox 1443 5590 1514 5646; x_wconf 89' lang='lat' dir='ltr'>dum</span> <span class='ocrx_word' id='word_1_871' title='bbox 1531 5583 1798 5655; x_wconf 65' lang='lat' dir='ltr'>{moramentis</span> <span class='ocrx_word' id='word_1_872' title='bbox 1819 5598 1866 5645; x_wconf 70' lang='lat' dir='ltr'>m</span> 
     </span>
    </p>
   </div>
   <div class='ocr_carea' id='block_1_9' title="bbox 141 5652 1870 5796">
    <p class='ocr_par' dir='ltr' id='par_1_10' title="bbox 141 5652 1870 5796">
     <span class='ocr_line' id='line_1_74' title="bbox 158 5652 1870 5736; baseline 0.019 -33"><span class='ocrx_word' id='word_1_873' title='bbox 158 5653 278 5734; x_wconf 58' lang='lat' dir='ltr'>temet,</span> <span class='ocrx_word' id='word_1_874' title='bbox 291 5656 393 5734; x_wconf 82' lang='lat' dir='ltr'>postea</span> <span class='ocrx_word' id='word_1_875' title='bbox 416 5652 546 5735; x_wconf 76' lang='lat' dir='ltr'>factiosis</span> <span class='ocrx_word' id='word_1_876' title='bbox 571 5652 742 5710; x_wconf 90' lang='lat' dir='ltr'>hominibus</span> <span class='ocrx_word' id='word_1_877' title='bbox 767 5658 984 5727; x_wconf 83' lang='lat' dir='ltr'>postulantibus</span> <span class='ocrx_word' id='word_1_878' title='bbox 1016 5662 1112 5719; x_wconf 87' lang='lat' dir='ltr'>bene</span> <span class='ocrx_word' id='word_1_879' title='bbox 1126 5661 1250 5731; x_wconf 85' lang='lat' dir='ltr'>cederet,</span> <span class='ocrx_word' id='word_1_880' title='bbox 1263 5661 1486 5735; x_wconf 67' lang='lat' dir='ltr'>utnon-osipus</span> <span class='ocrx_word' id='word_1_881' title='bbox 1496 5655 1870 5736; x_wconf 52' lang='lat' dir='ltr'>ipoissloeifflwffl</span> 
     </span>
     <span class='ocr_line' id='line_1_75' title="bbox 141 5725 983 5796; baseline 0.026 -25"><span class='ocrx_word' id='word_1_882' title='bbox 141 5734 226 5790; x_wconf 73' lang='lat' dir='ltr'>tegra</span> <span class='ocrx_word' id='word_1_883' title='bbox 249 5727 428 5782; x_wconf 82' lang='lat' dir='ltr'>auctoritate</span> <span class='ocrx_word' id='word_1_884' title='bbox 450 5725 593 5796; x_wconf 82' lang='lat' dir='ltr'>dirutam,</span> <span class='ocrx_word' id='word_1_885' title='bbox 610 5739 682 5782; x_wconf 90' lang='lat' dir='ltr'>aum</span> <span class='ocrx_word' id='word_1_886' title='bbox 698 5726 734 5784; x_wconf 90' lang='lat' dir='ltr'>de</span> <span class='ocrx_word' id='word_1_887' title='bbox 749 5743 817 5788; x_wconf 87' lang='lat' dir='ltr'>vera</span> <span class='ocrx_word' id='word_1_888' title='bbox 841 5733 983 5794; x_wconf 86' lang='lat' dir='ltr'>materiali</span> 
     </span>
    </p>
   </div>
   <div class='ocr_carea' id='block_1_10' title="bbox 0 0 1952 6084">
    <p class='ocr_par' dir='ltr' id='par_1_11' title="bbox 0 0 1952 6084">
     <span class='ocr_line' id='line_1_76' title="bbox 0 0 1952 6084; baseline 0 0"><span class='ocrx_word' id='word_1_889' title='bbox 0 0 1952 6084; x_wconf 95' lang='lat' dir='ltr'> </span> 
     </span>
    </p>
   </div>
  </div>
 </body>
</html>
