3876 6084
160 308 195 367 ll
637 309 860 372 annuamus
882 310 1129 372 tortonensis
1152 310 1381 375 spiscopus,
1824 316 1862 374 ts

158 445 331 512 perpetuum
347 458 405 498 non
421 443 519 498 minus
537 447 652 497 luorum
668 442 831 498 officiorum
849 443 877 498 in
894 460 959 509 nes,
974 460 1064 515 quam
1080 443 1154 516 grati
1171 444 1261 499 animi
1276 462 1345 518 erga
1357 449 1385 500 ta
1397 445 1488 502 nostri
1503 446 1710 501 documentum
1725 451 1863 518 gersaslan·

161 528 274 597 dum,et
288 530 396 585 tuturis
413 547 529 602 queque
539 529 675 586 aetatibus
684 531 1130 604 relinquendumhccipeiteque
1144 532 1409 606 haequalecunque
1420 535 1863 608 munusculumncstrum:quod

158 616 183 672 si
199 618 298 673 minus
314 618 436 690 dignum
452 618 566 674 videtur
581 618 773 691 amplitudine
788 624 850 688 tna,
867 621 962 693 ipsam
977 623 1076 676 tamen
1092 623 1156 693 ejus
1172 622 1356 691 tenuitatem,
1374 629 1406 678 ut
1418 640 1582 695 speramus,
1594 623 1786 679 humanitatis
1797 641 1866 695 erga

158 721 212 761 nos
224 710 281 761 tuae
298 707 469 779 magnitudo
485 707 657 763 sublevabit.
674 709 715 762 Te
731 711 878 781 postremo
894 712 1030 783 rogatum
1044 708 1191 779 volumus,
1218 715 1259 779 ut,
1277 711 1301 767 si
1317 727 1372 767 nos
1396 727 1460 766 eam
1478 711 1541 780 libi,
1569 728 1658 783 quam
1684 712 1826 767 debemus
1838 717 1867 768 et

158 810 327 867 passumus,
345 796 434 868 hujus
448 796 585 853 editionis
601 798 819 870 nuncupatione
834 804 972 872 prestare
986 798 1202 857 observantiam
1218 800 1371 873 perspicia
1385 805 1417 856 tu
1433 817 1486 857 aes
1498 817 1541 867 eo,
1559 818 1616 872 quo
1637 800 1751 871 Jamdiu
1778 800 1865 855 insti·

87 900 89 905 ·
158 883 250 954 tuisti,
268 884 364 941 lavere
379 902 412 941 ac
427 885 587 958 patrocinio
602 887 739 960 prosequi
754 904 791 944 ne
806 887 936 944 desinas.

358 1263 659 1352 PRAEFA'FIO
690 1265 746 1349 IN
777 1263 1092 1352 EDITIONEM
1120 1263 1369 1352 OPERUM
1401 1265 1668 1350 RATHEltlI

192 1594 319 1666 I.[1]Pest
333 1595 491 1652 editionem
502 1613 623 1667 operum
635 1597 761 1651 duarum
778 1596 981 1668 opiscoporum
995 1597 1023 1663 Α
1038 1596 1132 1668 ipsius
1152 1599 1248 1651 autem
1264 1594 1433 1650 celebritate
1457 1595 1493 1651 ob
1519 1594 1664 1666 insignem
1689 1596 1864 1664 doctrinam,

158 1683 385 1751 Veronensium,
402 1685 543 1740 nimirum
560 1685 589 1739 S.
607 1686 741 1751 Zenonis,
759 1685 809 1757 qui
825 1689 940 1757 quarto,
956 1687 984 1739 et
1040 1700 1098 1755 qua
1113 1683 1239 1738 maxime
1256 1682 1425 1738 nobilitatus
1437 1688 1491 1754 ost,
1507 1682 1536 1738 in
1549 1686 1769 1755 presentiarum
1781 1702 1867 1757 agon-

158 1771 281 1827 Joannis
297 1773 424 1828 hlatlhai
441 1773 561 1839 Gibcrti,
579 1773 627 1843 qui
644 1779 723 1828 stante
739 1773 852 1828 decimo
875 1771 983 1827 seculo

161 1861 270 1926 ssoruit,
288 1866 404 1917 nostras
413 1878 499 1917 curus
510 1865 537 1916 et
546 1861 736 1932 regilationes
745 1862 842 1934 rapuit
853 1860 983 1916 collectio

156 1953 186 2004 et
201 1950 289 2004 editio
306 1949 434 2021 Operum
453 1949 581 2005 llatherii
600 1950 691 2004 nostri
712 1949 781 2003 item
808 1949 984 2005 Veronensis

157 2037 297 2110 episcopi,
316 2037 366 2109 qui
381 2039 433 2093 etsi
451 2038 564 2093 decimo
587 2039 703 2103 sarculo,
727 2038 858 2092 omnium
884 2055 984 2093 corru-

156 2126 669 2199 ptissimoetobscurissima,rinerit,
688 2126 830 2183 italamen
841 2128 984 2199 probitate

157 2214 650 2288 morum,disciplinaezelo,stndiis
665 2215 829 2271 litterarum
846 2216 984 2288 onmique

140 2303 345 2381 ‘scientiarum
363 2321 469 2376 genere
484 2303 599 2371 claruit,
617 2309 649 2359 ut
659 2303 873 2376 intarcjusdem
885 2304 984 2361 saculi

156 2391 312 2464 scriptores
332 2392 537 2449 celeberrimus
554 2400 583 2448 ct
598 2393 820 2449 laudatissimus
835 2394 983 2460 sitouan·

154 2481 984 2555 tumhactempercgressatelucrinlvitia‚quentumigno·

155 2571 251 2627 rantia
263 2576 376 2627 mentes
391 2571 544 2626 hominum
556 2572 714 2644 oreuparit,
727 2572 914 2627 notissimum
927 2576 981 2628 est.

1038 1770 1121 1827 duni.
1137 1771 1236 1827 ‘I'esles
1263 1770 1443 1843 proferemus
1469 1773 1600 1843 ejusdcm
1624 1771 1675 1827 aevl
1697 1774 1863 1844 scriptores,

1038 1860 1088 1931 qui
1104 1859 1227 1932 vulgata
1242 1859 1390 1931 opinionis
1402 1878 1435 1914 ac
1452 1861 1533 1914 l'amco
1545 1862 1632 1916 tidem
1650 1861 1770 1926 faciunt,
1786 1867 1818 1917 ut
1829 1879 1864 1918 ne

1038 1965 1112 2020 opus
1128 1949 1166 2002 sit
1182 1949 1348 2004 testimonio
1361 1950 1568 2021 posteriorum,
1581 1950 1631 2021 qui
1647 1951 1747 2005 eadem
1758 1952 1794 2005 ab
1806 1951 1863 2007 illis

1038 2036 1143 2093 hausta
1159 2043 1303 2110 repetunt.
1329 2038 1499 2094 Audiendus
1522 2038 1551 2092 in
1570 2038 1673 2110 primis
1697 2040 1861 2107 Ereraclus,

1039 2126 1223 2183 Leodicensis
1238 2126 1404 2199 episcopus,
1422 2127 1516 2199 quiin
1533 2127 1656 2200 epistola
1670 2129 1706 2182 ad
1728 2133 1862 2183 nostrum

1038 2214 1218 2281 liutharium,
1234 2215 1332 2288 ipsum
1348 2217 1396 2271 his
1412 2217 1507 2272 verbis
1523 2216 1691 2288 alloquitur:
1709 2218 1804 2280 «Quis
1820 2221 1865 2273 ost

1036 2303 1118 2359 vohis
1132 2308 1182 2359 aut
1198 2304 1351 2378 sapientia,
1369 2309 1420 2360 aut
1435 2306 1590 2377 probitate,
1616 2310 1667 2360 aut
1686 2305 1864 2377 optimarum

1037 2393 1144 2448 artium
1161 2393 1267 2457 studio,
1284 2398 1335 2449 aul
1346 2393 1521 2461 innocentia,
1539 2397 1589 2449 aut
1599 2393 1658 2450 ullo
1672 2394 1767 2449 laudis
1778 2412 1865 2467 gene·

1037 2498 1068 2537 ra
1083 2483 1281 2554 prestantior?
1297 2507 1310 2531 υ
1323 2483 1380 2539 Noc
1392 2482 1568 2540 absimiliter
1582 2483 1640 2539 duo
1649 2484 1735 2539 eanri
1747 2501 1864 2556 qnoque

1037 2576 1181 2637 auctores,
1197 2572 1339 2644 [totgarus
1354 2570 1383 2626 in
1400 2573 1457 2628 vita
1474 2573 1503 2627 S.
1518 2573 1663 2627 llruncnis
1674 2573 1867 2644 arehiepisco-

155 2658 231 2717 Hinc
245 2677 304 2715 nan
320 2660 405 2732 pauci
418 2659 584 2715 heterodoxi
597 2661 778 2716 occasionem
793 2664 984 2732 sumpserunt
1038 2660 1067 2732 pi
1082 2660 1274 2727 Coloniensis,
1300 2677 1383 2717 num.
1408 2662 1453 2725 34,
1470 2666 1498 2716 et
1528 2659 1687 2717 Fuleuinus
1714 2663 1749 2717 de
1771 2663 1864 2717 Gestis

154 2748 317 2806 insultandi
332 2748 476 2814 Ecclesia,
492 2765 524 2803 ac
539 2749 564 2804 si
581 2765 632 2821 per
646 2749 756 2805 offusas
771 2748 861 2819 hujus
883 2747 981 2805 saeculi
1037 2749 1176 2804 abbatum
1196 2749 1370 2804 Labionsum
1391 2747 1455 2822 ifflh
1472 2766 1535 2822 cap.
1552 2750 1596 2804 23.
1623 2748 1725 2806 iisdem
1745 2751 1865 2807 omnino

143 2838 290 2894 'tenebras
306 2835 503 2894 ecclesiastica
518 2836 675 2910 disciplina
688 2837 814 2892 maxime
826 2837 913 2892 luerit
924 2854 983 2893 cer-
1036 2835 1143 2905 verbis,
1160 2853 1225 2908 quse
1242 2835 1314 2892 alter
1328 2836 1365 2892 ab
1376 2834 1467 2893 altero
1482 2841 1635 2894 mutuatus
1646 2842 1700 2894 cst:
1714 2860 1727 2887 a
1744 2839 1865 2910 Propter

155 2931 252 3000 rupta,
269 2926 506 2999 etantiquafidei
523 2926 793 2998 puritasdclecerit:
805 2942 872 2981 cum
885 2942 980 2993 neme,
1037 2925 1236 2982 abundantem
1253 2924 1415 2981 doctrinam
1431 2930 1460 2982 st
1479 2924 1676 2999 elequentiam
1700 2926 1860 2999 copiosam,

142 3015 303 3089 inquiunt,
319 3015 523 3089 grassantibus
548 3015 678 3087 undique
694 3015 789 3082 malis,
814 3021 978 3072 occurreret
1034 3030 1092 3086 qua
1108 3013 1183 3069 inter
1195 3013 1430 3086 sapientissimos
1445 3014 1547 3072 llorere
1568 3016 1649 3073 visus
1664 3021 1717 3079 est,
1741 3032 1798 3069 non
1816 3015 1860 3070 ei-

153 3104 325 3179 ignorantiae
341 3105 452 3160 scilicet
467 3109 496 3161 et
510 3105 609 3161 ellreni
625 3103 758 3160 licentis.
774 3104 855 3169 Quod
872 3106 977 3178 prnju·
1031 3102 1099 3158 dom
1115 3101 1209 3158 solum
1226 3101 1376 3158 Ecclessice
1388 3102 1435 3158 cui
1448 3103 1626 3175 praeluitsed
1639 3100 1777 3159 etmultis
1789 3102 1854 3158 aliis

152 3192 264 3249 dicium
279 3192 412 3250 Ecclesia
425 3193 601 3264 injuriosum
619 3197 650 3248 ut
660 3192 876 3264 refellatur,etsi
888 3210 975 3266 nega-

153 3281 177 3337 ri
191 3298 250 3338 non
266 3282 426 3355 possit,hoc
441 3280 546 3337 seculo
561 3282 636 3336 inter
646 3280 976 3355 crassissimaslnligne·

139 3371 252 3427 ¹ranlie
265 3370 600 3428 tenebrasmoressuisse
609 3369 975 3444 corruptissimos3prabari

1031 3191 1260 3264 circumquaque
1275 3191 1358 3247 valde
1373 3192 1537 3264 proficuum
1548 3192 1608 3248 lore
1623 3195 1756 3264 putatum
1773 3196 1826 3247 est.
1841 3215 1855 3241 υ

1031 3280 1230 3353 Liutprandus
1245 3281 1386 3337 diaconus
1402 3281 1577 3348 Ticinensis,
1594 3284 1695 3352 postea
1709 3297 1775 3336 vero
1790 3281 1856 3335 Cre-

1031 3369 1181 3425 monensis
1209 3369 1376 3442 episcopus,
1401 3369 1539 3426 liutherio
1565 3369 1633 3425 item
1658 3369 1853 3438 synchronus,

45 5032 48 5040 ¹
142 4968 179 5025 iri
194 4970 381 5027 confidimus.

141 3452 250 3517 'tamen
264 3465 360 3534 potest
375 3477 432 3517 non
448 3460 549 3516 omnia
563 3460 603 3515 its
620 3464 687 3515 tunc
703 3459 793 3515 luisse
808 3461 974 3532 depravata,
1030 3457 1081 3513 lib.
1099 3475 1129 3512 ιιι
1145 3457 1230 3526 Hist,
1248 3475 1310 3530 rap.
1327 3460 1370 3514 tt:
1389 3481 1402 3508 κ
1419 3461 1544 3515 Venerat
1559 3461 1657 3514 autem
1674 3457 1713 3530 (in
1730 3457 1855 3525 ltaliam)

151 3552 184 3605 ut
198 3549 344 3607 defuerint
357 3550 386 3605 in
403 3547 529 3607 Ecclesia
540 3549 590 3604 viri
608 3552 636 3605 et
647 3566 761 3605 meram
772 3549 936 3618 sanctitate,
948 3553 976 3605 et
1029 3562 1096 3601 cum
1113 3546 1542 3619 prataloHilduiucmonachus
1553 3545 1684 3618 quidem,
1699 3546 1855 3602 [letherius

150 3637 284 3695 doctrina
298 3642 480 3711 praestantes,
501 3637 551 3710 qni
564 3637 643 3694 vitiis
658 3635 906 3693 debacchantibus
921 3638 975 3692 eh·
1029 3635 1158 3701 aomina,
1173 3635 1224 3708 qui
1239 3636 1278 3692 ab
1297 3634 1468 3709 religionem
1496 3640 1667 3708 septemque
1691 3634 1855 3689 liberalium

148 3725 226 3782 viam
241 3726 371 3793 irent-et
388 3744 491 3800 puram
511 3726 578 3781 lidei
604 3725 765 3781 doctrinam
782 3726 819 3781 ab
845 3725 974 3798 antiquis
1028 3724 1137 3780 artium
1153 3725 1288 3797 peritiam
1303 3724 1422 3781 Verona
1445 3724 1601 3797 episcopus
1624 3723 1856 3779 constituitur.»

150 3818 300 3887 acceptam
314 3814 458 3887 integram
472 3813 663 3870 custodierint
678 3819 765 3887 atque
789 3814 972 3871 tradiderint.
1028 3811 1101 3868 Hinc
1116 3813 1225 3869 factum
1241 3816 1285 3868 est
1300 3816 1332 3868 ut
1346 3812 1434 3885 vulgo
1444 3811 1640 3885 appellaretur
1651 3813 1787 3867 litteratas
1798 3812 1857 3881 (lti-

148 3900 615 3972 Hacdecausaauctereshqius
637 3902 735 3957 saeculi
760 3902 973 3959 ecclesiasticos
1027 3918 1086 3957 aer.
1103 3904 1185 3970 n.2),
1215 3918 1278 3966 seu,
1294 3906 1327 3956 ut
1342 3899 1410 3956 alibi
1439 3899 1566 3956 traditur
1594 3900 1726 3971 (Discere.
1752 3903 1855 3955 niet

149 3990 181 4047 in
195 3989 293 4048 lucem
308 3991 447 4065 preferre,
461 4007 621 4062 eorumque
636 3995 718 4063 gesta
731 3995 760 4046 at
774 4008 863 4063 opera
885 4009 974 4048 accu-
1025 3989 1199 4047 Phamean.
1230 3990 1356 4057 ll),toto
1385 3989 1496 4057 secute,
1518 3988 1609 4045 idest
1636 3989 1755 4061 ubique,
1788 3990 1852 4059 ejus

148 4084 210 4136 rete
224 4080 372 4137 illustrare
392 4080 515 4154 publice
542 4079 582 4135 rei
598 4078 725 4135 maxime
750 4079 875 4152 expedit.
900 4080 972 4136 Cum
1026 4081 1162 4152 sapientia
1175 4079 1382 4151 prediceretur.

147 4184 216 4226 vere
231 4169 387 4226 llatherius
403 4169 478 4225 inter
492 4168 546 4224 hos
563 4168 706 4241 precipuo
722 4167 860 4239 floruerit,
878 4168 973 4243 pluri·
1063 4168 1111 4224 111.
1128 4168 1169 4224 Ne
1180 4183 1247 4224 vero
1261 4166 1321 4222 hec
1334 4165 1480 4240 gloriosus
1496 4167 1574 4224 dicta
1589 4167 1746 4223 credantur
1762 4183 1852 4237 quam

149 4274 231 4315 mum
242 4258 337 4316 laudis
352 4257 832 4330 debemusilsquiquadamipsius
843 4275 968 4330 apuscu·
1025 4255 1133 4323 verius,
1147 4255 1440 4312 animadvertendum
1456 4261 1502 4312 cst
1516 4273 1583 4313 eum
1596 4255 1723 4330 apucris
1739 4270 1803 4310 sese
1814 4259 1854 4309 to·

148 4346 198 4405 lae
207 4348 391 4405 bibliothecis
401 4348 430 4403 in
443 4347 550 4420 quibus
561 4345 689 4403 latebant
700 4349 833 4418 excerpta
842 4347 967 4403 edidere.
984 4329 1006 4397 C
1024 4350 1088 4401 tum
1104 4344 1266 4400 litterarum
1277 4343 1383 4401 studiis
1394 4344 1552 4401 devovisse.
1564 4343 1625 4400 Non
1638 4343 1735 4400 solum
1751 4348 1852 4399 aucto-

147 4434 232 4494 Nunc
244 4453 311 4493 vere
326 4454 363 4494 ea
377 4453 441 4509 qua
457 4436 504 4492 hie
520 4440 548 4491 et
563 4434 622 4490 illic
647 4434 806 4507 separatim
827 4436 972 4508 impressa
1025 4433 1108 4489 ribus
1123 4432 1214 4489 sacris
1229 4432 1360 4489 studium
1377 4433 1528 4506 impendit,
1540 4449 1640 4488 veram
1653 4431 1743 4488 etiam
1755 4431 1823 4503 prol
1840 4462 1852 4472 ·

146 4530 233 4597 atque
249 4525 381 4598 dispersa
396 4529 476 4592 sunl,
492 4525 521 4580 in
538 4541 628 4580 unum
652 4540 757 4596 corpus
781 4523 926 4596 colligere,
942 4529 972 4579 et
1026 4523 1072 4578 nis
1087 4521 1245 4590 historicis,
1261 4521 1635 4594 oratoribus,poetis,atque
1658 4520 1851 4592 philosophis.

145 4628 326 4686 quascunque
342 4615 400 4671 alie
415 4613 537 4671 inveniri
556 4612 671 4685 possint
687 4614 818 4668 nondum
834 4612 972 4669 editaad·
1025 4611 1133 4669 Hacde
1155 4628 1244 4667 causa
1272 4610 1448 4683 questiones
1476 4610 1589 4683 aliquot
1613 4610 1669 4682 ipsi
1696 4608 1850 4682 proposita

144 4702 222 4770 dere;
237 4703 336 4759 omnia
349 4708 447 4760 eutem
462 4702 589 4758 auctoris
604 4701 669 4755 Vile
685 4705 712 4756 et
726 4701 925 4756 notationibus
936 4700 970 4755 il·
1025 4701 1142 4756 fuorunt
1157 4699 1285 4772 primum
1300 4717 1317 4754 a
1332 4699 1610 4765 Mediolanensibus,
1626 4698 1731 4754 deinde
1745 4716 1762 4753 a
1783 4698 1853 4752 ltot-

143 4790 327 4859 lustrarent
342 4792 433 4849 nobis·
453 4791 618 4848 laciendum
646 4789 840 4861 sumpsimus,
866 4790 970 4859 majori
1025 4790 1107 4845 berto
1131 4787 1349 4861 archiepiscopo
1374 4787 1550 4855 Trevirensi,
1575 4805 1638 4861 qua
1663 4804 1698 4843 ex
1726 4785 1855 4858 prol'anis

144 4878 238 4937 multo
249 4880 367 4938 utilitati
380 4883 576 4946 laturum,eta
584 4879 724 4936 studiosis
734 4878 804 4934 viris
813 4878 969 4950 probatum
1025 4876 1194 4934 auctoribus
1203 4876 1374 4933 dirimende
1385 4880 1515 4945 erent,ut
1524 4893 1559 4934 ex
1573 4875 1697 4950 epistola
1707 4875 1743 4930 ad
1755 4875 1762 4928 i
1766 4889 1852 4946 psum

1025 4966 1182 5022 Rabertum
1196 4964 1343 5038 explorate
1351 4964 1520 5023 didicimus.
1532 4965 1672 5022 Eamdem
1683 4963 1713 5018 in
1725 4959 1854 5031 antiquis

533 5058 581 5131 il·
1023 5054 1155 5128 prolenis
1168 5053 1361 5127 scriptoribus
1374 5055 1508 5128 peritiam
1520 5070 1609 5127 opera
1618 5068 1682 5124 que
1696 5053 1855 5122 supersunt

141 5147 179 5204 eo
193 5148 351 5205 celebritate
374 5148 502 5215 ancoris,
527 5115 559 5203 hc
581 5147 613 5202 de
639 5145 755 5229 Operum
769 5146 826 5218 ejas
848 5145 970 5203 utilitate
1023 5144 1096 5202 satis
1111 5144 1324 5210 demonstrant,
1341 5160 1408 5200 cum
1425 5160 1482 5200 nen
1505 5141 1602 5199 solum
1617 5156 1667 5195 eos
1692 5138 1852 5194 identidem

422 5228 503 5292 elque
514 5225 689 5292 mmmm·
1023 5232 1138 5306 alleget,
1154 5248 1255 5288 verum
1272 5233 1360 5288 etiam
1376 5230 1483 5305 sepius
1497 5231 1609 5302 absque
1621 5227 1753 5300 ipserum
1771 5243 1851 5282 men-

176 5326 211 5383 ll.
229 5326 269 5383 De
284 5326 414 5383 [lotherii
427 5324 559 5382 moribus
574 5341 606 5380 ec
617 5323 760 5380 severiore
771 5324 833 5379 vite
846 5323 967 5389 ratione,
1023 5322 1102 5378 tione
1116 5336 1219 5377 versus
1233 5323 1262 5377 et
1277 5319 1438 5376 sententies
1455 5319 1574 5387 inserat,
1585 5332 1748 5388 eorumque
1761 5309 1846 5367 veluti

140 5430 204 5487 qua
220 5416 256 5470 ad
267 5416 419 5488 scriptoris
429 5412 616 5471 ecclesiastici
628 5428 732 5468 nomen
750 5411 967 5467 auctoritatem·
1022 5410 1123 5485 lingua
1138 5426 1171 5466 ac
1186 5407 1321 5466 termulis
1336 5412 1445 5464 utatur.
1462 5407 1536 5463 Huic
1546 5403 1752 5464 autemstudio
1766 5415 1848 5454 vaca·

141 5519 197 5576 que
212 5504 477 5561 commendandam
489 5501 649 5576 plurimum
660 5499 890 5571 conlert,inejus
901 5499 967 5556 Vita
1021 5500 1062 5555 vit
1077 5503 1145 5555 ante
1160 5496 1371 5572 episcopatum.
1389 5518 1403 5547 a
1418 5496 1565 5554 lnsuletus
1587 5511 1654 5552 vero
1678 5489 1790 5565 (inquit
1818 5488 1848 5543 in

140 5593 296 5671 posthanc
311 5593 509 5670 prelationem
525 5590 708 5666 subjicienda
731 5591 786 5648 erit
803 5605 908 5648 sermo.
926 5589 967 5649 De
1021 5588 1141 5648 laudata
1156 5586 1191 5644 ad
1207 5585 1366 5646 liebertum
1390 5585 1536 5665 epistola),
1557 5584 1632 5643 illud
1659 5580 1760 5641 statim
1775 5577 1849 5641 desii

1727 5855 1808 5907 *A

1753 5904 1865 6012 d..
