3876 6084
77 256 119 319 =ll
591 255 899 320 PROLEGOMENA.
916 290 956 304 -
970 254 1157 321 bsrflnnll
1179 257 1285 324 virt.
1743 259 1791 321 ‘fl

78 391 174 448 duxit.
190 413 206 441 a
221 390 286 464 lpse
301 392 401 447 autem
416 394 515 447 eomes
531 389 600 447 Milo
615 407 683 448 oum
699 390 798 465 Ugone
809 390 906 448 conei-
918 391 948 462 A
961 395 1022 449 tem
1037 393 1074 449 oh
1084 391 1301 449 conniventiam
1316 392 1572 464 etobsequentiam
1585 408 1619 451 ao
1629 391 1790 451 necessita·

77 479 168 536 liatus
180 477 336 552 pristinam
349 478 523 552 dignitatem
537 479 668 536 retinuit.
959 485 1019 537 tem
1032 481 1393 556 quamdamdescendisse.
1402 480 1501 556 Neque
1507 485 1622 540 moveat
1634 480 1790 555 blutpran·

118 567 446 640 sustinueramus
461 569 590 625 Ratberii
619 568 747 641 episcopi
777 569 905 627 fortuna.
961 572 1159 644 dus,quidum
1171 571 1630 646 Rutheriumuquetotiilonem
1650 571 1789 630 comitem

81 656 503 730 rQuo(Arnoldo)discedeute,
519 657 602 714 addit
616 657 907 731 Liutprandus,Ugo·
955 660 1128 718 ¹rebellionis
1137 660 1598 735 principemprodidit,vulgatem
1605 661 1790 725 iomamseau

76 746 251 822 airagimox
266 746 369 802 civitas
388 747 530 812 redditur,
547 751 576 803 et
592 746 749 804 liutherius
773 748 906 819 ejusdem
960 753 1009 807 tus
1020 754 1166 824 estonam
1177 750 1266 807 invidi
1277 748 1789 824 sparseruntfluoquidemoulpasi

78 835 204 893 civitatis
218 836 376 910 episcopus
391 835 428 892 ab
443 852 476 891 eo
493 840 607 908 eaptus,
626 836 720 907 Papia
749 837 778 892 in
805 836 906 894 exsilio
961 840 1160 909 eertafuisset,
1178 840 1278 897 statim
1289 844 1354 913 poet
1362 839 1471 912 ligonis
1485 839 1790 913 victoriamcaptusst

80 925 233 999 relegatur.
250 946 266 975 a
284 925 356 981 llinc
371 924 401 980 in
417 924 579 998 epistolab,
596 924 781 982 adloannem
792 925 907 997 pontili-
958 928 990 984 in
1004 945 1149 986 carcerem
1166 930 1269 987 luisset
1284 929 1439 987 deductus.
1455 929 1536 987 Tunc
1548 945 1627 999 vero,
1643 914 1733 987 omnis
1755 933 1790 985 ut

80 1031 153 1083 cem,
169 1031 252 1071 num.
269 1014 297 1082 t,
312 1013 442 1086 aliquam
458 1012 577 1086 quidem
592 1031 677 1070 suam
693 1014 810 1087 eulpam
837 1014 906 1071 huie
960 1027 1019 1075 crat
1032 1020 1114 1090 culpa
1129 1020 1258 1093 (rrarrp.
1275 1019 1296 1074 l.
1312 1037 1353 1087 vn,
1373 1034 1401 1074 n.
1417 1018 1474 1091 27),
1490 1017 1587 1076 nonio
1603 1017 1787 1091 episcopum,

79 1102 905 1169 calamitaticausamdedisseait,rebellemveroanimum
961 1109 1011 1165 sed
1026 1108 1056 1163 in
1067 1107 1178 1166 clerum
1193 1113 1222 1164 et
1237 1108 1398 1181 praecipuos
1412 1107 1538 1166 civitatis
1548 1107 1657 1178 rejecta
1669 1110 1787 1177 est3nec

78 1197 107 1249 et
123 1193 215 1267 Ugoni
230 1193 391 1264 infensum,
407 1191 626 1266 quonomineiu
637 1192 905 1250 tuntummiseriam
959 1202 1020 1253 tota
1034 1198 1121 1255 ruina
1135 1198 1164 1253 in
1176 1197 1305 1253 Rutberii
1317 1195 1602 1270 caputdeoidlt,·nisi
1618 1195 1787 1270 postserip·

77 1283 284 1350 deduceretur,
301 1281 356 1338 sibi
371 1282 462 1338 luisse
475 1281 600 1339 inficiari
621 1281 746 1338 videtur.
771 1303 786 1333 a
815 1281 906 1356 Coepit
960 1291 1021 1343 tam
1035 1284 1460 1359 quamdamepistolam,eujus
1472 1285 1683 1358 ipseaaotor'ot
1694 1284 1786 1343 totius

77 1390 124 1429 me
140 1373 210 1446 Uga,
226 1373 347 1429 retrusit
366 1372 395 1428 in
424 1370 633 1428 custodiamin
654 1372 782 1444 quadam
809 1372 904 1444 Papiae
960 1375 1123 1433 moliminis
1137 1376 1268 1432 incentor
1283 1376 1434 1432 traductus
1450 1374 1513 1432 brit.
1755 1432 1758 1437 ,

79 1461 229 1531 turricula,
244 1478 304 1518 non
319 1462 384 1519 dica
399 1461 463 1519 siae
477 1460 535 1518 mei
550 1461 646 1534 culpa,
663 1460 714 1534 qui
729 1459 806 1516 enim
818 1461 906 1517 inter·
994 1464 1236 1536 wereburgae
1250 1462 1645 1538 lactumex'quoealamiles
1655 1462 1786 1526 hetberti

77 1552 145 1607 talia
158 1551 263 1608 saltem
278 1551 309 1607 in
326 1552 417 1607 verba
432 1568 490 1608 nco
506 1550 636 1619 offendit,
654 1550 905 1622 hisperleotusest
959 1559 1116 1610 consecuta
1130 1558 1186 1621 est,
1203 1552 1345 1626 exipsius
1360 1553 1509 1626 operibus,
1525 1553 1555 1610 iu
1569 1553 1680 1626 quibus
1689 1551 1784 1626 plura

78 1641 136 1709 vir,
152 1641 203 1698 sed
216 1645 321 1697 eontra
336 1640 430 1713 legem
443 1639 484 1696 ita
499 1638 561 1695 bac
575 1638 645 1712 egit,
660 1642 689 1695 et
703 1637 767 1696 siae
781 1639 903 1695 audien·
958 1643 1083 1699 tametsi
1095 1640 1785 1719 aliquantoobscurius,bioillicsparslmattigit,

78 1730 126 1786 tia
142 1730 224 1787 Dicat
235 1729 284 1786 bie
299 1729 426 1803 quiaque
440 1729 518 1802 quod
535 1727 612 1785 volet
625 1745 633 1783 :
648 1727 812 1784 temerariis
822 1728 919 1791 enim,
958 1748 1060 1789 eruero
1070 1748 1103 1788 ee
1117 1732 1146 1787 in
1162 1731 1332 1788 historicam
1344 1730 1449 1788 seriem
1459 1731 1591 1804 digerere
1600 1730 1783 1792 conabimur.

73 1819 288 1891 ludiciisjuxtu
302 1819 499 1892 augustinum
515 1816 904 1890 plenosuntomnia.Conli-
955 1822 1150 1878 statuendum
1166 1821 1302 1895 inprimis
1330 1825 1375 1878 est
1402 1820 1611 1892 tempus,quod
1637 1819 1667 1877 iu
1696 1820 1784 1878 rebus

75 1914 429 1982 teorvero,eaquoeum
445 1907 581 1981 primitus
610 1906 681 1973 vidi,
711 1922 803 1978 usqae
830 1907 902 1962 dum
956 1910 1105 1968 historicis
1119 1911 1246 1968 mavima
1260 1909 1428 1983 requiritur.
1438 1907 1706 1982 Ugonlsviotoriam
1717 1925 1784 1967 oon·

75 1999 223 2056 bominem
238 1998 329 2065 exuit,
348 2013 464 2070 semper
490 2012 537 2053 me
566 1994 901 2052 Theodosiilelicitatem
956 2000 1177 2056 trahrnoldum
1193 2000 1370 2073 affigendam
1385 2014 1462 2055 anno
1483 1998 1537 2055 935
1565 1995 1700 2073 dubitare
1716 2008 1782 2056 'non

75 2087 260 2162 imperatoris
270 2086 312 2144 illi
329 2089 455 2159 optasse,
469 2089 499 2141 et
514 2085 609 2141 adhue
624 2085 688 2157 ejus
704 2084 902 2141 recordatione
956 2089 1027 2146 sinit
1041 2088 1281 2163 chronographus
1295 2087 1537 2162 Salisburgensis,
1551 2096 1639 2160 quem
1654 2086 1685 2144 P.
1697 2085 1784 2146 Ansi-

73 2195 120 2234 me
135 2177 264 2252 graviter
277 2176 356 2233 uilici
372 2174 481 2231 dolore.
498 2197 512 2225 ι
526 2174 591 2230 Hire
602 2177 779 2247 scriptanon
789 2172 903 2231 vivente
954 2177 1135 2236 aiuslandat.
1148 2176 1296 2236 Udalberti
1307 2177 1385 2234 euim
1395 2176 1628 2250 salisburgensis
1639 2174 1783 2250 archiepi-

73 2268 182 2341 b'gone,
198 2267 249 2323 sed
264 2270 332 2340 post
347 2265 412 2337 ejus
426 2267 550 2320 mortem
568 2262 666 2336 magni
682 2262 900 2320 iaciendasunt.
955 2269 1047 2342 scopi,
1064 2269 1113 2341 qui
1127 2267 1289 2324 arnoldum
1299 2266 1437 2339 Bujourie
1449 2267 1554 2324 dacem
1565 2265 1595 2321 in
1606 2264 1707 2325 italica
1717 2281 1783 2324 oon.-

71 2353 800 2428 'l'emeritutijudiciorumrelertattributumsihi
827 2369 901 2410 vera
955 2363 1000 2414 tre
1016 2357 1145 2431 Ugonem
1171 2357 1354 2430 expeditione
1378 2359 1499 2413 secutus
1520 2356 1625 2423 iuerat,
1656 2350 1797 2415 mortem¹

72 2444 243 2502 rebellionis
258 2444 370 2501 crimen
381 2443 410 2499 in
418 2442 559 2516 Ugonem,
569 2458 657 2514 quem
664 2458 780 2515 semper
790 2440 901 2510 dilexit,
955 2446 1049 2504 eidem
1063 2463 1140 2503 anno
1151 2446 1254 2502 tribuit
1267 2445 1416 2503 scribens:
1431 2446 1488 2515 Qui
1500 2443 1782 2501 aereaere-lutee

71 2536 178 2608 cuique
192 2550 311 2607 semper
324 2533 425 2592 omnia
439 2549 580 2606 prospera
593 2531 742 2605 appetivit.
758 2530 902 2596 Quaeritur
954 2535 1061 2593 redicas
1077 2536 1153 2591 obiit.
1170 2535 1201 2591 Si
1215 2549 1293 2591 anno
1308 2535 1361 2589 935
1374 2533 1446 2589 obiit
1460 2530 1644 2599 Udalbertus,
1656 2528 1708 2603 qui
1725 2533 1781 2588 Ar·

70 2623 184 2680 nullam
198 2621 575 2687 sibidaturnaudiemium,
592 2637 763 2694 quercuum
787 2621 840 2678 abs
870 2637 901 2678 se
955 2622 1198 2689 noldimilitiam,
1216 2621 1397 2691 utisolebat,
1425 2622 1554 2687 mutua,
1582 2635 1651 2676 cum
1677 2618 1780 2676 eodem

71 2719 222 2786 matarum
239 2710 384 2768 rationem
397 2709 541 2767 redderet.
557 2708 689 2782 Culpam,
705 2726 764 2783 quu
784 2725 815 2765 aa
842 2725 901 2766 aon
955 2713 1056 2786 utique
1071 2713 1103 2770 de
1113 2714 1254 2769 invasione
1266 2712 1356 2768 ltotire
1367 2710 1458 2778 rediit,
1488 2708 1518 2769 ia
1546 2708 1682 2766 eumdem
1712 2724 1780 2781 pro·

73 2802 152 2858 omni
167 2818 201 2858 ex
215 2804 412 2875 parte'carere
422 2799 564 2872 agnoscit,
579 2798 656 2855 inter
670 2797 746 2856 leves
758 2802 899 2869 recenset,
955 2803 1029 2860 laeto
1045 2807 1118 2875 (rav)
1131 2819 1242 2858 annum
1258 2796 1646 2875 Uganisviotoria'incidisse
1656 2795 1781 2876 dicenda

70 2890 230 2965 dequibus
244 2891 372 2948 Jaeohus
386 2890 445 2945 ait:
461 2890 517 2959 Qui
532 2905 585 2945 non
606 2886 723 2961 effervdit
749 2891 782 2945 ia
808 2889 899 2957 uerbo,
954 2892 1260 2949 est.Ratheriumverc
1271 2891 1308 2946 ab
1319 2888 1536 2964 Ugonevicta‘re
1546 2889 1665 2960 acptum
1676 2897 1779 2948 mense

69 2981 377 3054 imperfectesertoir
392 2980 459 3052 (iac.
484 2996 526 3047 ιιι,
542 2981 581 3048 2).
596 2981 657 3035 Ηοο
676 2978 779 3034 eadem
808 2978 842 3034 de
870 2994 902 3036 rs
956 2981 1219 3054 Februario'liquet
1241 2998 1276 3036 cx
1291 2980 1364 3036 libro
1391 2977 1519 3036 secundo
1548 2975 1779 3048 proloquiorum

69 3071 159 3128 latios
174 3070 324 3129 disserens
339 3068 414 3127 libro
429 3086 457 3124 ιι
471 3067 700 3142 Proloquiorara
715 3068 803 3140 (num.
829 3070 847 3122 5
874 3075 901 3124 et
954 3089 1036 3128 num.
1050 3066 1502 3142 24,uhiseptinrummeasea1,id
1512 3065 1777 3138 rrtsrpteuerem,
1891 3085 1896 3094 ¹

66 3163 106 3228 7),
120 3176 210 3233 quern
230 3159 261 3215 io
277 3159 412 3233 papiensi
431 3174 545 3215 carcere
560 3157 688 3231 scripsit,
697 3155 896 3227 rebellionem,
913 3141 935 3210 C
953 3167 1077 3216 eamcam
1088 3162 1172 3214 vocat
1186 3158 1221 3213 ab
1235 3156 1327 3229 liujus,
1343 3170 1406 3229 aare
1416 3171 1460 3212 me
1473 3154 1611 3226 deprime
1629 3155 1684 3210 ima
1710 3169 1779 3209 ere·

67 3250 153 3321 cajus
167 3245 894 3321 ipseauctortradebatur,merisinvidorumcalvil-
948 3249 990 3304 dii
1002 3249 1170 3304 calamitatis
1182 3247 1343 3303 meresinae.
1359 3243 1571 3317 Captivitatem,
1585 3259 1644 3316 qua
1662 3257 1776 3316 preme·

65 3337 228 3395 talionibus
242 3336 464 3393 disseminatam
480 3334 587 3401 innuit,
604 3334 688 3408 eiquo
703 3334 894 3392 fundamenta
949 3338 1035 3394 hatur
1048 3335 1195 3410 intelligit,
1207 3340 1282 3408 'post
1303 3350 1392 3408 quaro
1417 3332 1443 3391 si
1466 3332 1640 3406 'September
1654 3328 1776 3410 <mensis

66 3428 211 3494 innixam,
228 3450 242 3477 ι
253 3425 325 3498 quia
337 3441 405 3481 curn
422 3423 669 3491 malefactoribus,
686 3446 701 3475 a
722 3416 895 3497 inquiebant
948 3431 1010 3484 erat
1024 3434 1142 3494 octavus,
1158 3441 1192 3481 ea
1207 3424 1380 3499 precedenti
1395 3421 1553 3480 Februario
1575 3421 1774 3480 inchoaverat.

66 3518 169 3572 num.7
184 3515 226 3586 (id
242 3518 296 3584 est,
312 3529 380 3570 oum
395 3512 611 3570 Veronensibus
626 3512 895 3570 rebellionisoucto·
948 3516 1053 3573 Confer
1067 3514 1176 3571 ibidem
1193 3519 1286 3570 notas.
1303 3512 1384 3568 Diem
1395 3510 1653 3584 quoqueejusdem
1664 3507 1776 3566 mensis

65 3607 160 3678 ribus)
174 3627 189 3655 a
204 3607 403 3669 conversatus,
424 3607 454 3659 et
478 3602 551 3659 dum
579 3606 730 3675 caperetur
759 3602 893 3658 inventus
948 3604 1064 3660 tertiam
1081 3619 1116 3658 ex
1130 3601 1204 3658 libro
1225 3599 1455 3671 Praeloquiorum
1480 3597 1582 3670 quinto
1609 3594 1776 3668 colligimus

66 3700 128 3751 est:
148 3718 163 3744 n
176 3693 297 3768 perinde
312 3709 347 3748 uc
362 3691 385 3748 si
403 3691 605 3765 episcopus,ut
619 3708 737 3748 omnem
754 3690 895 3762 suspicio·
948 3710 1030 3749 num.
1048 3695 1091 3749 12.
1107 3691 1143 3747 Se
1159 3690 1237 3746 enirn
1253 3705 1286 3746 eo
1301 3690 1437 3757 tractatu,
1450 3686 1634 3759 cojus'causu
1644 3683 1777 3758 captiuas

67 3799 134 3839 nem
148 3781 298 3849 eximeret,
315 3781 450 3838 debuerit
464 3781 541 3836 exire
555 3796 589 3837 ex
603 3781 687 3847 urhe,
703 3783 732 3836 ct
747 3781 782 3836 ad
795 3796 893 3853 regem
948 3783 1053 3838 duetus
1070 3781 1135 3849 suit,
1148 3774 1580 3853 deceptumtestaturpostridie
1592 3775 1657 3848 ejus
1666 3773 1732 3832 lesti
1742 3773 1776 3831 o.

65 3872 264 3945 proficiscens,
282 3870 360 3927 filias
374 3869 537 3943 proditores
552 3869 674 3926 deferre.
698 3869 778 3926 lianc
807 3885 892 3925 suam
948 3872 1055 3939 Marias,
1068 3887 1126 3944 quo
1138 3869 1192 3928 sibi
1203 3867 1444 3926 intermissurum
1451 3864 1595 3923 solemnia
1604 3863 1685 3938 pdois
1695 3877 1780 3921 oscu-

67 3977 135 4016 eum
151 3959 308 4018 rebellibus
322 3959 410 4032 [ων]
427 3974 539 4015 moram
555 3958 633 4014 bona
646 3957 807 4015 intentione
824 3975 892 4030 par·
947 3962 1009 4018 lum
1025 3962 1127 4018 datum
1143 3960 1245 4016 lucrat.
1263 3955 1479 4015 purificationis
1494 3955 1525 4012 B.
1543 3953 1640 4013 Maria
1667 3952 1777 4011 festivi·

65 4049 262 4123 miserente
276 4047 419 4121 exemplo,
438 4070 452 4099 ι(
467 4047 518 4120 qui
534 4064 585 4119 prr
600 4045 894 4112 charitatemutdirit
947 4056 1070 4124 traque
1081 4050 1144 4106 sola
1154 4049 1183 4105 in
1193 4047 1384 4105 Februarium
1395 4042 1776 4112 murmurantianuitur.

68 4140 98 4194 B.
113 4139 281 4213 Gregorius,
298 4138 370 4194 dum
386 4138 463 4194 cives
480 4137 516 4193 ab
539 4137 675 4209 ingressu
690 4136 805 4209 AEgypti
835 4153 893 4193 non
949 4139 1089 4197 Postridie
1104 4139 1194 4212 igitur
1209 4139 1274 4210 ejus
1286 4135 1362 4204 lasti,
1378 4136 1408 4192 id
1423 4139 1478 4203 est,
1491 4135 1538 4191 die
1554 4131 1643 4190 tertia
1664 4130 1777 4191 mensis

68 4226 162 4300 patuit
171 4227 318 4307 cohibere,
329 4225 443 4283 studuit
452 4225 522 4282 illuc
533 4225 652 4282 cumeis
662 4225 763 4299 etipse
773 4226 893 4282 descen·
949 4229 1107 4297 Februarii,
1125 4228 1206 4296 anni,
1224 4233 1255 4284 nt
1270 4225 1470 4300 probavimus,
1486 4224 1550 4292 935,
1561 4221 1612 4280 ille
1633 4224 1776 4281 tractatus

68 4319 148 4374 dere.
165 4341 178 4369 >r
194 4317 229 4374 st
243 4321 311 4391 post
324 4314 484 4374 nonnulla:
503 4339 517 4366 r
533 4315 660 4372 Cunctos
676 4332 711 4372 ne
725 4331 794 4388 ergo
813 4314 893 4388 judi·
948 4309 1775 4391 esthabitusqueipsedeoeptusincaptivitatemincurrit.

67 4424 117 4463 cas
135 4407 334 4480 deponendos,
352 4405 403 4479 qui
418 4404 540 4462 rebelles
552 4404 671 4478 regibus
685 4403 762 4460 cives
776 4409 806 4461 et
818 4404 894 4461 filios
983 4408 1061 4464 thid
1073 4411 1172 4464 autem
1182 4409 1326 4480 quubnus
1337 4396 1776 4470 accideritnunoexplicandum

67 4513 132 4554 esse
148 4497 284 4564 suentes,
300 4512 357 4553 non
372 4500 422 4553 eos'
438 4497 470 4550 ut
485 4493 659 4568 punirentur
681 4493 893 4567 prodiderunt;
910 4515 934 4581 D
949 4503 1003 4555 est.
1021 4503 1081 4553 Duo
1096 4494 1284 4569 potissimum
1300 4497 1395 4549 textus
1408 4489 1477 4546 huic
1489 4485 1775 4544 reiloeematierent:

67 4586 118 4642 sed
134 4588 238 4643 contm
252 4585 360 4642 missas
376 4585 417 4642 cis
432 4584 573 4649 fecerunt,
588 4582 664 4639 lilios
683 4599 784 4639 aarum
800 4583 895 4656 bapti·
953 4587 1025 4644 alter
1039 4604 1073 4642 ex
1087 4583 1252 4658 epistolaad
1261 4578 1533 4648 Ursonam,inserta
1542 4575 1572 4632 in
1584 4574 1694 4631 librum
1703 4574 1779 4633 Pres-

66 4679 217 4743 zaverunt,
234 4675 472 4749 predicaverunt,
486 4671 730 4740 chrismaverunt,
751 4671 895 4744 poeniten·
949 4676 1114 4748 loquiorum
1127 4672 1246 4729 tertium
1262 4687 1344 4728 num.
1359 4671 1395 4724 27
1414 4685 1421 4736 ;
1437 4665 1512 4724 alter
1526 4681 1560 4722 ex
1573 4664 1649 4722 libro
1675 4664 1778 4738 quinto

67 4766 139 4822 tium
155 4762 353 4832 indulserunt,
371 4761 653 4820 reconciliaverunt?
668 4782 683 4811 >r
699 4761 830 4817 'landem
850 4778 895 4817 ce·
950 4752 1779 4835 numillteouperataVeronaabUgone,di'elestoPurill·

68 4868 233 4928 sponsurus
244 4850 620 4926 objicientibusbraoldum
630 4867 648 4906 u
658 4851 794 4923 sepulum
805 4850 896 4909 fuisse
950 4853 1073 4910 cationis
1088 4851 1217 4909 solemne
1232 4866 1348 4907 sacmm
1359 4846 1539 4905 celebratum
1558 4844 1623 4901 ibit.
1635 4842 1778 4902 interboc

69 4949 249 5019 susceptum,
265 4940 407 5016 exemplis
430 4944 600 5000 sanctorum
629 4940 753 4997 suadere
781 4940 896 5010 nititur,
950 4942 1081 5016 quidam,
1092 4945 1122 4997 ut
1131 4942 1256 5008 videtur,
1265 4935 1394 5012 episcopi
1405 4936 1485 5010 pacis
1495 4933 1631 4992 osculum
1640 4930 1779 4990 liuthario

71 5033 246 5105 quandoque
257 5030 345 5088 licere
359 5029 389 5086 in
404 5028 507 5087 urbem
527 5029 627 5086 hostes
641 5033 671 5086 et
685 5029 834 5087 invasores
849 5045 896 5086 re·
950 5034 1106 5100 dederunt,
1121 5054 1136 5082 ι
1153 5033 1290 5104 putantes
1305 5044 1374 5084 eum
1388 5019 1780 5098 nonquiapeecatorem,sed

74 5120 173 5193 cipere.
191 5121 268 5176 Dum
284 5136 351 5177 vero
366 5119 398 5177 ia
411 5118 609 5177 confessionis
625 5116 709 5186 libro,
726 5134 808 5175 num.
826 5122 853 5191 2,
866 5134 898 5176 sa
952 5123 1022 5195 quia
1036 5123 1191 5194 deceptum
1206 5119 1390 5174 damnatum.
1407 5136 1421 5166 u
1439 5113 1494 5171 Alii
1509 5129 1576 5170 vero
1595 5111 1704 5183 placere
1718 5105 1781 5182 regi

75 5207 161 5267 malta
175 5210 237 5284 pati
249 5209 353 5268 scribit
365 5224 415 5282 pro
429 5209 557 5282 abjurata
572 5209 659 5279 qurri
674 5207 737 5280 fide,
767 5207 897 5280 aliquam
952 5212 1075 5268 forsitan
1090 5207 1226 5284 prasenti
1240 5208 1401 5272 ambientes,
1418 5197 1781 5276 illosquipacisosculnm

70 5312 152 5356 suam
167 5300 197 5357 in
212 5298 372 5357 rebellione
385 5298 502 5373 culpam
517 5297 624 5354 iterum
639 5296 760 5353 laterur.
784 5297 851 5361 Oua
865 5301 898 5354 ut
952 5301 1093 5357 dederant
1107 5296 1290 5355 severissime
1300 5294 1559 5370 reprehenderunt.
1573 5307 1607 5347 ac
1622 5288 1648 5348 si
1659 5305 1727 5346 reus
1737 5301 1782 5344 es·

67 5389 261 5447 concilientur
274 5405 343 5445 curn
359 5385 600 5461 precedentibus,
616 5383 899 5442 illuddieendumvi·
954 5387 1184 5446 seimanilestus
1194 5390 1222 5443 et
1233 5386 1314 5460 pacis
1324 5380 1652 5455 oseuloindignus.·llac
1662 5392 1696 5434 ex
1706 5375 1781 5431 libra

65 5478 153 5534 detur
168 5478 344 5535 liutharium
355 5493 413 5534 non
425 5476 515 5534 luisse
526 5474 645 5548 quidem
656 5473 823 5532 rebellionis
832 5492 899 5532 auc·
952 5478 1064 5552 quinto,
1081 5494 1163 5535 num.
1181 5478 1224 5542 12,
1237 5469 1783 5542 ubiconsultatioatquetractutusera·

63 5574 173 5640 pamm,
189 5565 476 5637 sedvebellioaetam
485 5559 612 5625 conflata
623 5563 654 5621 in
665 5563 819 5623 rebellium
830 5581 897 5639 par·
951 5570 1025 5625 atino
1037 5568 1082 5625 die
1096 5565 1215 5623 habitus
1230 5557 1552 5638 additur,quiRatberio
1566 5555 1688 5615 exitium
1696 5554 1780 5621 atta·

229 5694 363 5761 Peraea
384 5690 551 5759 cxxxvi.
1600 5683 1620 5749 2
