3892 6090
76 242 138 307 833
557 252 867 320 aara1oaossos
888 256 992 321 LIBRI
1015 260 1236 332 sat-tta.
1258 268 1298 333 11.
1718 280 1780 347 134

75 403 180 447 omnes
195 383 305 443 milites
319 382 763 459 lugerent,etlterengeiii,deto
777 387 902 446 victoria
916 392 945 459 Α
994 393 1039 448 71.
1056 394 1191 455 Beneficii
1210 401 1316 478 quippe
1343 406 1482 478 preteriti
1504 413 1534 466 ot
1556 413 1708 483 presentis
1722 414 1777 471 im·

74 480 162 555 signo
177 473 314 551 colligere
335 473 429 547 spolia
443 475 625 549 satagebant,
641 493 707 533 cum
730 475 903 534 Bonclacius
956 495 1079 553 memor,
1096 485 1261 546 insomnem
1285 490 1366 549 illam
1388 495 1510 571 regiain
1531 515 1633 557 necem
1653 500 1779 577 populos

74 575 164 643 utque
173 565 343 630 Gariardus,
355 562 453 620 subito
462 580 497 621 ex
507 563 624 621 insidiis
635 570 836 638 properantes,
846 565 902 624 hos
956 567 1124 645 instigando
1147 578 1273 651 pertulet
1292 587 1419 642 noctem.
1435 585 1494 644 Rex
1521 592 1605 646 noc-ts
1628 587 1689 661 illa,
1705 608 1779 665 que·

73 663 156 717 tanto
171 656 264 714 levius
279 657 389 727 quanto
408 653 588 725 inopinatius
602 654 779 712 sautiabant.
797 655 901 729 Paper·
955 658 1145 721 madmodum
1167 670 1196 722 et
1217 667 1322 727 solitus
1347 676 1419 745 erat,
1439 674 1526 746 juxta
1547 677 1704 751 eclesiam,
1718 696 1777 738 non

72 752 155 807 cerat
168 744 328 804 Gariardus
348 740 510 813 nonnullis,
520 741 606 799 hasta
626 759 676 800 eos
690 747 719 800 et
742 760 799 801 non
824 743 900 802 larro
953 744 984 801 iu
1000 747 1086 807 domo
1102 770 1166 825 qua
1180 756 1296 815 delendi
1311 767 1420 834 posset,
1436 765 1486 821 sed
1501 764 1531 821 in
1545 767 1693 841 tuguriolo
1708 786 1779 843 quo-

72 835 255 913 percutiene;
271 831 438 889 Bonelatius
451 847 529 899 vero,
542 831 616 888 nulli
633 832 901 905 parcens,immcn·
952 834 1022 893 dam
1046 843 1184 901 manebat
1205 848 1415 909 amoenissimo.
1430 855 1485 910 Sed
1509 859 1538 912 et
1563 858 1699 916 custodes
1722 876 1777 918 no·

71 943 138 986 sam
153 926 261 983 lecerat
274 926 412 995 stragem.
423 919 547 994 Signum
562 920 661 995 itaque
670 920 795 979 victorie
810 922 898 979 Bone·
952 926 998 980 cte
1019 928 1121 987 eadem
1145 949 1203 991 non
1226 943 1375 1009 posucrat,
1393 941 1483 999 nichil
1509 945 1664 1018 suspicans
1687 948 1776 1006 etiam

71 1016 168 1075 lacius
193 1014 357 1085 concrepat,
381 1009 616 1083 conveniuntque
643 1010 694 1084 qai
722 1027 757 1068 ex
782 1010 897 1069 ltodalll
951 1013 1031 1072 mali.

72 1109 157 1181 parte
182 1103 366 1175 aufugerant,
389 1102 656 1173 persequentesque
679 1100 896 1175 Berengaricos,
1074 1107 1110 1164 Se
1123 1110 1252 1182 primum
1268 1115 1403 1189 quatiens
1417 1119 1521 1195 strepit

72 1195 174 1268 lugam
190 1190 255 1248 illos
265 1189 339 1246 inire
349 1188 500 1261 cogebant.
510 1188 702 1264 Borangarius
712 1206 778 1247 vero
789 1189 824 1246 ad
838 1206 897 1247 non
1074 1196 1185 1272 Gallus,
1200 1218 1268 1260 cum
1280 1205 1383 1279 vigiles
1397 1207 1467 1264 iacit

72 1282 256 1356 incognitum
269 1279 389 1336 Verona
408 1277 535 1351 perrexit
553 1277 670 1335 asilum.
681 1278 775 1335 Tanta
789 1279 897 1352 quippo
1074 1283 1221 1360 Mortales,
1238 1291 1323 1349 solito
1338 1300 1423 1351 sonat

72 1377 144 1429 tunc
160 1370 377 1426 interfectorum
402 1371 516 1440 strages
544 1367 621 1423 facta
649 1371 704 1434 est,
720 1370 753 1423 ut
768 1367 897 1424 militum
1073 1371 1110 1427 llt
1124 1374 1241 1446 pulsata
1255 1381 1311 1438 Dec
1324 1383 1402 1439 canit

73 1477 168 1535 usque
182 1458 268 1516 hodie
280 1473 440 1531 permagna
453 1456 560 1513 raritas
574 1455 727 1515 habentur.
1073 1458 1140 1516 Jam
1155 1466 1225 1521 tuuc
1239 1483 1319 1524 enea
1333 1470 1481 1543 machina,

108 1551 152 1603 67.
166 1547 218 1603 llis
233 1547 274 1603 ita
283 1546 419 1619 peractis,
431 1560 555 1618 regnum
567 1545 623 1602 sibi
635 1562 684 1602 rex
695 1545 838 1603 Rodullus
849 1563 898 1619 po·
1073 1546 1238 1626 Invitatque
1253 1555 1360 1613 docens
1375 1559 1448 1617 bene

69 1635 235 1694 tentissime
256 1634 433 1708 subjugavit,
448 1632 624 1707 Papiamqne
639 1634 750 1691 concita
765 1635 895 1703 ueniens,
1075 1637 1227 1697 Lmtbeum
1242 1644 1300 1716 (92)
1315 1661 1403 1718 grave
1419 1665 1566 1723 spernere,

67 1724 314 1799 congregatisque
336 1723 474 1779 omnibus
491 1738 498 1777 z
513 1744 527 1771 a
542 1720 697 1790 Quoniam,
717 1723 823 1795 inquit,
845 1740 894 1780 su·
1073 1725 1189 1785 Laudes
1203 1729 1271 1787 huic
1287 1735 1373 1791 modo
1389 1738 1519 1809 reddere,

66 1814 152 1889 perui
167 1810 299 1870 muneris
311 1809 445 1883 largitate
464 1809 536 1866 mibi
551 1810 674 1883 contigit
688 1811 809 1868 devictis
824 1811 892 1869 hos·
1072 1813 1127 1880 Qui
1142 1816 1233 1875 vitam
1249 1821 1362 1890 tribuit,
1378 1824 1459 1881 dedit

67 1903 150 1962 tibus
165 1901 246 1977 regni
261 1901 368 1959 solium
391 1898 525 1972 adipisci,
541 1916 618 1954 nunc
633 1899 712 1955 cordi
728 1904 772 1955 est
790 1904 893 1956 vestrm
1072 1902 1106 1957 Et
1120 1904 1205 1961 nobis
1220 1924 1358 1980 superam
1374 1912 1447 1970 hene

66 2010 116 2051 me
131 2007 254 2066 regnum
276 1988 409 2046 Italicum
432 1987 499 2043 lldci
525 1987 740 2056 commendare,
757 1989 891 2063 Burgun·
1071 1990 1207 2050 Sanctam
1224 2013 1345 2068 querere
1360 2001 1484 2072 patriam
1494 2025 1505 2073 ;

65 2083 205 2156 diemque
230 2080 355 2155 patriam
381 2081 510 2134 veterum
525 2076 626 2133 visere.
640 2100 654 2125 u
669 2078 721 2134 aui
743 2095 811 2135 mox
834 2081 891 2136 lta·
1072 2078 1142 2136 llic'
1158 2100 1206 2138 rex
1218 2085 1371 2143 ecclesiam
1388 2091 1469 2161 petit,

63 2171 194 2229 lienses:
208 2169 266 2228 «Si
280 2169 390 2225 honum
406 2166 470 2235 tibi,
486 2165 634 2239 inquiunt,
644 2165 769 2234 tidetur,
786 2173 891 2241 presto
1070 2172 1108 2224 hc
1124 2169 1227 2229 laudes
1240 2174 1365 2233 Domino
1381 2180 1469 2236 canit.

64 2278 181 2319 sumus.
196 2281 212 2312 a
1071 2258 1256 2320 Flumbertus
1269 2281 1431 2338 properans
1443 2268 1531 2340 volat,

99 2350 147 2408 68.
159 2349 253 2424 lgitur
263 2350 327 2421 pest
340 2343 456 2403 Rodulh
468 2342 546 2418 regis
556 2343 737 2415 abscessum,
748 2346 826 2404 malo
836 2347 891 2405 Ve-
1056 2347 1200 2413 -Quocum
1217 2351 1310 2409 multa
1324 2353 1414 2411 simul
1429 2373 1546 2430 manus,

64 2456 207 2499 recenses
222 2441 340 2511 accepto
355 2432 489 2501 consilio,
499 2433 563 2490 vita
580 2432 714 2490 insidiari
724 2435 891 2510 Berengnrii
1070 2433 1107 2490 Ut
1120 2452 1218 2510 regem
1234 2439 1381 2512 perhimat
1394 2442 1515 2502 bonum.

64 2529 245 2597 moliuntur3
256 2527 335 2600 quod
346 2522 552 2597 Bercngarium
563 2540 622 2580 non
633 2521 807 2581 latuit'l'nm
816 2526 890 2582 servi
1070 2523 1129 2580 aex
1144 2524 1251 2583 horum
1265 2528 1335 2603 vigil
1349 2529 1472 2606 inscias,

62 2624 165 2678 autem
180 2620 282 2675 auctor
294 2632 327 2672 ec
341 2618 472 2688 repertor
481 2612 619 2669 facinoris
629 2611 813 2671 Flnmbertus
826 2615 890 2688 qui·
1070 2612 1159 2670 Audit
1174 2616 1244 2672 dum
1261 2617 1427 2692 strepitum,
1444 2621 1533 2680 nichil

62 2708 135 2767 dam
149 2710 222 2775 orat,
234 2721 322 2779 quem
337 2702 550 2775 sihi,quoniam
566 2719 600 2759 ex
615 2707 801 2761 sacrosancto
812 2704 891 2761 tonte
1070 2700 1253 2775 l'ormidans,
1268 2713 1404 2780 properat
1416 2709 1502 2782 citus,

65 2798 163 2855 fllium
189 2797 254 2869 ejus
275 2796 455 2868 susceperat,
466 2796 646 2865 compatrem
671 2809 721 2849 rex
745 2794 889 2852 effecerat.
1070 2788 1128 2845 Ποῦ
1144 2791 1214 2862 quid
1229 2792 1322 2851 visere
1337 2796 1392 2865 sit;
1407 2797 1486 2856 videt

64 2886 163 2944 Pridie
176 2901 243 2943 vero
258 2899 348 2958 quam
371 2884 529 2955 pateretur,
544 2881 670 2937 eundem
686 2882 722 2938 ad
746 2900 778 2941 se
793 2884 889 2940 Flam·
1066 2878 1203 2938 Armatae
1217 2881 1345 2942 militum
1360 2902 1477 2945 manus.

63 2976 183 3034 bertum
197 2974 296 3031 venire
309 2971 456 3045 precepit.
471 2969 521 3026 cui
537 2973 565 3027 et
578 2970 640 3026 nit:
1070 2967 1267 3028 flambertum
1282 2976 1514 3037 vocatemimus.

97 3066 145 3120 69.
158 3085 173 3115 a
188 3063 217 3121 Si
233 3062 306 3120 mihi
328 3066 425 3118 tecum
448 3059 591 3116 hactenus
606 3077 664 3117 non
686 3064 714 3118 et
737 3062 836 3120 multa
860 3069 889 3121 st
1068 3058 1138 3125 Ouid
1152 3061 1231 3117 ‘W
1244 3070 1293 3130 0⁵²2
1309 3063 1360 3133 &ils
1376 3082 1410 3121 ea
1426 3066 1493 3125 &⁰²10

58 3154 149 3227 juste
164 3169 259 3210 cansa
275 3152 308 3188 ¹⁶⁰
322 3149 431 3208 amoris
452 3153 559 3216 essent,
572 3165 688 3223 quoquo
711 3152 807 3223 modo,
824 3170 888 3226 que
903 3127 924 3195 C
1071 3148 1136 3204 l'ir?
1149 3149 1216 3221 qaid
1228 3166 1301 3207 acac
1309 3155 1429 3225 populas
1443 3158 1521 3230 cupit

63 3244 100 3300 de
117 3247 145 3301 te
170 3242 318 3309 dicuntur,
330 3239 410 3295 credi
421 3238 454 3273 ¹⁷⁰
465 3240 596 3311 possent.
614 3239 750 3295 lusidiari
774 3245 802 3297 te
823 3241 888 3298 vitas
1014 3306 1020 3315 ¹
1066 3241 1196 3294 Armatus
1210 3242 1331 3311 reserem
1343 3249 1464 3300 moneat

61 3348 134 3390 meae
150 3330 250 3399 aiunt3
266 3328 318 3387 sed
334 3345 392 3385 nou
412 3343 465 3400 ego
480 3325 617 3383 credulus
636 3326 705 3383 illis.
720 3328 889 3388 Meminisse
1068 3325 1249 3395 Respondit:
1269 3329 1380 3387 l'ereore
1394 3333 1447 3389 ait.

63 3425 163 3479 autem
185 3423 215 3476 te
236 3417 311 3487 volo,
323 3419 558 3489 quantecumque
582 3414 634 3469 tibi
656 3415 837 3475 accessiones
860 3423 889 3477 at
1068 3415 1100 3471 Tc
1114 3431 1168 3471 cca
1184 3424 1216 3472 ot
1224 3417 1364 3489 perhimat
1377 3423 1445 3489 ruit,

61 3510 186 3567 icauna
200 3511 230 3565 et
244 3505 397 3580 dignitatis
416 3501 534 3570 tuerint,
551 3519 600 3560 eas
624 3508 652 3559 tc
676 3519 734 3561 non
757 3506 889 3578 potuisse
1066 3503 1119 3559 Secl
1128 3520 1257 3577 pugnare
1272 3506 1359 3563 libeas
1373 3512 1469 3582 capit.

61 3597 119 3656 uisi
131 3597 206 3656 meis
218 3594 368 3654 beneflciis
381 3592 531 3665 consequi.
541 3591 622 3649 Unde
637 3597 665 3649 et
679 3592 733 3650 boc
749 3595 847 3653 animo
857 3595 886 3652 in
1066 3593 1129 3650 llaec
1144 3609 1207 3648 eura
1219 3597 1309 3665 porte,
1323 3604 1402 3652 taum
1413 3601 1483 3671 petit

61 3704 117 3745 nos
132 3703 197 3745 esse
211 3686 311 3754 debes,
334 3687 366 3739 ut
377 3681 506 3755 dignitas
531 3697 597 3737 mea
609 3680 637 3737 in
649 3698 748 3740 amore
759 3688 846 3757 etque
856 3684 887 3741 in
1065 3682 1127 3738 llos
1140 3684 1190 3754 qai
1203 3683 1299 3740 tollere
1311 3686 1451 3756 spiritum.

60 3775 203 3833 fidelitate
216 3779 268 3831 tua
282 3772 479 3847 conquiescet.
492 3770 591 3843 Neque
605 3786 672 3827 vero
686 3771 824 3845 cuiquam
839 3791 886 3831 sa·
1064 3775 1208 3844 Deceptus
1222 3779 1360 3847 properat
1371 3776 1428 3833 ssde

58 3864 152 3922 lutam
167 3880 201 3921 ac
215 3864 349 3921 fortunas
364 3879 434 3919 suas
455 3864 541 3917 tante
557 3877 633 3917 cura
648 3860 740 3919 fuisse
754 3879 885 3937 unquam
1065 3860 1125 3918 llex
1139 3861 1205 3934 bac,
1221 3861 1252 3920 in
1266 3864 1379 3922 medios
1393 3866 1482 3924 simul

57 3958 142 4027 puto,
154 3952 255 4026 quanti
269 3950 343 4009 mihi
356 3950 411 4007 luit
425 3950 518 4007 bonos
532 3954 611 4007 tuus.
624 3950 654 4007 ln
670 3967 727 4024 quo
743 3968 809 4010 mea
822 3970 885 4011 om·
1064 3951 1140 4007 Tum
1151 3952 1184 3986 cs
1194 3953 1226 4025 [i.
1237 3970 1273 4011 e..
1283 3955 1364 4027 tunc]
1374 3960 1477 4029 ceptus
1492 3958 1569 4017 male
1584 3961 1718 4034 ducitur;

56 4042 109 4099 nia
123 4041 233 4111 studia,
244 4057 361 4099 omnem
377 4056 507 4114 opernm,
517 4054 629 4107 curam,
642 4038 829 4112 industriam,
840 4060 886 4100 ce
1062 4043 1085 4097 Α
1100 4046 1180 4117 tergo
1196 4043 1274 4101 hunc
1289 4044 1356 4101 ierit
1370 4045 1480 4120 impius

55 4130 230 4206 gitatiomm
245 4130 337 4203 hujus
352 4128 478 4187 civitatis
499 4144 616 4185 omnem
640 4127 700 4185 fixi.
711 4128 807 4188 Unum
829 4132 885 4189 hoc
1064 4131 1228 4205 Rompbea;
1245 4134 1323 4191 cadit
1336 4134 1394 4192 hou
1408 4135 1487 4210 pius,

54 4220 100 4277 sic
115 4219 223 4277 habeto
237 4238 244 4276 ε
257 4219 282 4275 si
294 4236 312 4275 a
323 4222 352 4275 te
362 4217 435 4274 mihi
451 4221 594 4275 servatam
606 4217 693 4274 fidem
704 4218 883 4291 intellexero,
1063 4219 1246 4294 Felicemque
1260 4239 1349 4280 suum
1362 4224 1421 4283 Deo

52 4325 115 4367 nen
131 4308 205 4365 mibi
219 4312 279 4366 tam
297 4324 363 4365 mea
381 4306 463 4364 salus
481 4322 558 4376 cara,
574 4323 664 4379 quam
679 4307 773 4379 pietas
787 4309 842 4365 crit
853 4309 884 4366 in
1062 4311 1253 4367 Commendat
1267 4311 1315 4384 pie
1327 4313 1483 4386 spiritum!

52 4398 211 4456 relemnda
225 4397 319 4471 gretia
330 4396 472 4469 jucunda.
484 4416 499 4446 u
972 4399 1018 4455 72.
1037 4396 1166 4470 Denique
1182 4414 1271 4471 quum
1292 4399 1479 4458 innocentem
1493 4404 1667 4478 sanguinem
1679 4405 1762 4463 fude-

89 4487 139 4542 70.
156 4486 208 4544 llis
222 4485 356 4560 expletis,
369 4500 492 4541 aureum
515 4500 572 4540 non
588 4484 668 4555 parvi
683 4485 820 4557 ponderis
835 4505 883 4560 po
897 4492 922 4559 Β
938 4486 997 4543 rint
1012 4491 1216 4559 quantumque
1238 4488 1363 4561 perversi
1383 4507 1516 4562 perverse
1537 4494 1661 4566 egerint,
1677 4494 1763 4552 nobis

49 4573 159 4633 culum
174 4592 221 4634 res
233 4576 267 4648 {ei
290 4574 428 4649 porrexit,
441 4576 528 4646 atque
552 4573 704 4646 subjunxit
719 4592 726 4630 z
739 4599 753 4625 «
769 4576 885 4634 Amoris
939 4574 1137 4643 reticentibus,
1153 4574 1244 4648 lapsis
1258 4580 1325 4633 ante
1337 4579 1492 4651 cujusdam
1508 4580 1628 4640 eclesiae
1637 4582 1763 4655 januam

50 4662 221 4737 salutisque
236 4664 294 4722 mei
318 4680 408 4721 causa
428 4662 506 4735 quod
531 4663 707 4732 continetur,
732 4663 822 4721 bibito
834 4666 884 4737 ΠΙ;
938 4664 1247 4738 positus,sengu1nem
1268 4665 1333 4736 ejus
1355 4669 1576 4728 transeuntibus
1592 4670 1705 4729 cunctis
1719 4688 1764 4730 os·

48 4754 135 4827 quod
150 4753 291 4824 continet,
304 4752 421 4811 habeto.
434 4773 449 4802 »
459 4751 534 4807 Vere
544 4752 692 4825 quippeot
702 4753 815 4826 absque
826 4771 885 4811 am·
937 4754 1062 4811 tendens
1077 4753 1219 4810 insinuat.
1235 4753 1321 4811 Nullo
1337 4756 1445 4830 quippe
1460 4756 1609 4818 delibutus
1625 4777 1763 4835 aspersu·

47 4841 198 4917 biguitate
213 4847 280 4915 post
294 4846 397 4916 potum
419 4839 550 4896 introivit
567 4838 599 4896 in
619 4840 704 4897 illurn
720 4841 882 4913 Sathenaa;
938 4860 1011 4917 sque
1025 4842 1139 4915 liquore
1154 4843 1287 4900 discedit.

47 4932 306 5005 quemadmodum
319 4935 348 4987 ot
362 4930 398 4986 de
410 4929 426 4986 J
430 4929 488 4986 uda
501 4928 648 5002 proditore
660 4930 774 4987 Domini
790 4932 883 4990 nostri
972 4932 1017 4988 73.
1027 4932 1174 4989 Nutrierat
1183 4932 1239 4990 sibi
1248 4934 1499 5010 rexBerengarius
1508 4938 1692 4998 familiariter
1701 4940 1762 5000 lau·

46 5018 125 5079 Jaau
139 5019 249 5079 Christi
265 5021 469 5093 scriptumest
485 5036 492 5075 :
510 5018 581 5087 Quia
591 5021 653 5091 post
668 5019 803 5077 bucellam
818 5026 883 5079 tanc
936 5026 1022 5095 teque
1032 5023 1181 5094 juvenem,
1196 5022 1287 5080 imme
1304 5023 1424 5083 heroem
1440 5028 1598 5101 quendam,
1616 5029 1686 5087 Milo
1707 5047 1761 5089 no·

46 5108 180 5168 introivit
193 5111 224 5167 in
239 5111 322 5167 illam
335 5108 473 5167 Scthocca
487 5107 576 5181 (loca.
591 5124 654 5177 auu,
669 5108 726 5180 27).
935 5111 1025 5183 mine,
1037 5110 1179 5168 memoria
1193 5112 1266 5170 satis
1276 5129 1309 5171 cc
1324 5112 1412 5173 lauda
1426 5115 1560 5192 dignum.
1571 5118 1663 5196 Cujus
1674 5120 1699 5179 si
1710 5136 1760 5181 rex

732 5231 853 5293 VARIAE
871 5235 1076 5297 ascalonas.

86 5332 202 5393 mosee
217 5333 244 5394 1.
284 5335 316 5372 ¹⁷⁰
332 5348 390 5409 qus
405 5331 619 5399 detecredil.
657 5332 689 5371 ¹²¹
704 5330 894 5409 tibiatpro
909 5333 1222 5414 libato(?)vetbibitq.
1262 5337 1478 5419 ¹³¹Tancda„
1530 5370 1533 5375 ·

846 5450 965 5535 We

85 5536 143 5623 (92)
158 5537 191 5603 ld
205 5541 251 5603 sat
264 5554 413 5606 somnum.
