3892 6090
113 252 173 325 tls
317 284 321 294 ·
586 250 639 323 llll
658 246 902 324 CDN'l'lile'ill
923 252 1129 327 ostentm.
1144 292 1184 309 —
1196 258 1296 328 PARS
1316 265 1342 328 l.
1530 294 1536 303 ·
1752 272 1812 341 bii

147 394 193 450 23.
210 390 331 450 Memini
346 407 394 449 me
408 390 439 448 in
452 386 554 449 iibene
569 392 680 451 bicorni
703 397 818 451 tuntum
840 397 938 466 perte·
953 392 980 462 Α
1030 395 1074 450 24.
1092 396 1147 452 sod
1164 396 1288 455 velimus
1303 397 1441 469 nolimus,
1467 394 1549 474 ipsos
1571 392 1645 478 legis
1662 404 1726 477 Dei,
1740 420 1813 481 quos

111 482 182 541 iisse
197 482 347 555 quondam
363 495 510 554 pavorem,
527 480 653 540 cumulis
672 484 773 555 utique
794 482 941 539 adinstar
994 484 1081 539 medo
1097 488 1158 541 tam
1173 485 1353 543 obduranter
1367 486 1483 545 odimus
1490 492 1579 564 atque
1588 495 1814 567 contemnimus,

112 570 232 631 collium
247 569 458 629 ebullientibus
472 571 780 639 ductuum,utiluxino
791 573 864 630 lecto
874 589 940 628 ma·
993 571 1084 629 libros
1095 573 1269 632 habebimus
1282 576 1405 650 judiees,
1420 576 1500 653 ipsos
1525 584 1720 657 accusatores,
1742 601 1816 659 ques

109 662 162 735 jus
176 660 317 718 babuisse
330 659 493 734 puteverlm
518 660 649 718 nullum:
676 662 809 718 sedcum
833 666 940 719 nautes
993 660 1096 718 baberi
1109 667 1277 736 oportuerat
1291 665 1468 724 defensores.
1483 670 1631 743 Scriptum
1657 676 1702 730 est
1715 671 1815 733 enim:

113 749 223 807 fiducia
242 746 354 822 petitio
383 747 537 822 navigandi
563 750 657 822 jecsri
685 749 835 818 vidissem,
858 753 939 808 metu
991 750 1131 808 iodicium
1144 753 1222 821 serlit,
1238 762 1264 810 et
1288 754 1357 812 libri
1378 758 1466 828 aperti
1479 763 1542 815 reat
1566 760 1647 833 (Dea.
1671 774 1723 834 vn,
1747 762 1814 835 iol:

110 838 234 909 amisso,
250 835 404 895 eudeeism
419 836 547 911 [wenedi
560 839 683 896 memini
698 838 756 913 mel
776 839 939 913 sumpsisse
992 840 1070 913 quod
1086 842 1221 914 quamvis
1235 844 1313 900 etde
1328 845 1513 904 conscientiis
1525 847 1708 921 singulorum
1722 851 1818 909 valeat

114 945 173 985 neu
188 926 346 984 modicam.
360 925 419 984 iiec
432 927 531 1001 itaque
546 928 620 992 (803)
637 931 670 984 ut
693 928 735 985 uti
750 928 798 985 bic
820 945 877 985 non
893 927 938 985 io·
991 927 1115 1003 intelligi
1124 949 1131 999 ;
1147 930 1300 988 sciendum
1316 949 1351 989 ex
1365 950 1410 1002 eo,
1426 934 1633 1007 quodinlibris
1640 938 1816 1011 continetur,

114 1032 277 1090 congruum
288 1014 437 1088 judicetur
449 1016 590 1090 exemplo,
608 1016 632 1074 si
642 1017 794 1075 seculares
805 1017 841 1074 ad
856 1022 940 1074 tanta
991 1033 1094 1075 omnes
1104 1019 1292 1090 judicandos.
1309 1021 1816 1098 MonstrstPrepheteaiius,diceus:

114 1105 204 1164 divini
217 1104 337 1162 terreris
353 1120 417 1178 que
433 1102 520 1163 isthic
533 1104 664 1179 depinxit
678 1106 886 1179 tonitrumque
902 1105 940 1163 le-
993 1105 1143 1164 Conecrsue
1156 1124 1227 1181 sem,
1243 1113 1270 1166 et
1285 1110 1374 1166 levavi
1386 1112 1479 1179 ocutos
1492 1130 1576 1182 neces,
1590 1117 1698 1186 cecedi,
1713 1122 1740 1176 ct
1761 1135 1819 1176 ecoe

115 1198 217 1270 gentes
233 1192 397 1266 intelligere
410 1210 463 1251 nes
478 1210 584 1268 eogere
598 1212 657 1252 uon
667 1211 837 1269 possumus,
852 1195 940 1253 vidis·
992 1197 1120 1253 volumen
1131 1198 1236 1267 veens,
1252 1206 1278 1254 ct
1301 1198 1424 1257 discituri
1447 1216 1508 1258 me:
1531 1203 1606 1274 Quid
1628 1209 1659 1261 te
1674 1206 1773 1264 eides?
1786 1208 1819 1265 lit

117 1288 184 1342 aeut
198 1282 385 1357 exspergisci,
404 1287 553 1357 uteunque
566 1283 760 1342 nihilominus
774 1283 941 1340 etillitime
994 1298 1043 1353 cee
1058 1284 1139 1342 diei:
1155 1288 1208 1358 Epo
1223 1288 1299 1344 eidce
1313 1288 1442 1345 columen·
1458 1291 1569 1362 celena
1594 1293 1736 1365 torpitudo
1759 1298 1819 1369 ejus

117 1369 941 1445 rent.ltcumnoarideantnuendoeaqucquelageresa-
994 1371 1095 1443 viciati
1109 1374 1311 1443 cubitorum,et
1331 1376 1445 1435 latitudo
1468 1380 1527 1451 cies
1549 1381 1642 1439 &ceni
1664 1384 1819 1443 mmmm

117 1474 163 1533 pe,
176 1462 273 1515 sitem
281 1458 943 1533 obstinateadvenumtaliatamqueaudaeter
995 1460 1029 1517 lit
1042 1459 1116 1518 elisit
1129 1461 1164 1518 ed
1177 1478 1240 1518 me:
1257 1467 1321 1519 ilaec
1342 1468 1382 1520 est
1403 1468 1568 1536 nmledictie
1592 1486 1656 1542 pem
1679 1474 1820 1543 seceditur

116 1544 263 1617 resistere,
276 1550 306 1604 et
320 1547 477 1607 rebellione
485 1552 586 1605 eontra
594 1549 810 1622 Deumpubliee
819 1548 944 1606 obduro·
995 1565 1080 1621 seper
1096 1551 1194 1606 ‘eciem
1208 1552 1298 1606 omem
1311 1555 1409 1620 imre,-
1420 1555 1487 1624 quie
1503 1559 1592 1613 omnic
1614 1561 1672 1630 ser,
1688 1563 1758 1618 meet
1780 1563 1820 1619 iii

116 1637 151 1704 ri;
169 1636 194 1692 si
210 1635 252 1692 ilii
262 1635 334 1694 talia
343 1640 520 1704 noscerent,
530 1638 678 1693 mirumne
687 1636 783 1693 elicui:
794 1641 891 1710 potest
900 1636 941 1691 vi·
995 1640 1201 1711 scriptumest,
1226 1639 1411 1713 judicabitur:
1425 1645 1556 1700 sternuit
1577 1646 1689 1719 jurene,
1713 1665 1749 1706 ee
1772 1651 1821 1709 bec

115 1725 195 1782 deri?
207 1724 250 1780 iili
267 1740 372 1799 nempe
387 1724 457 1798 quid
483 1725 607 1794 dicatur,
634 1724 743 1781 nedum
763 1724 939 1798 intelligunt,
955 1754 980 1824 B
994 1727 1125 1783 similiter
1130 1726 1312 1800 judicabitur.
1328 1731 1363 1784 Et
1376 1728 1490 1787 eiecere
1504 1732 1595 1803 illurn,
1610 1734 1678 1793 dicit
1691 1738 1822 1797 Dominus

114 1817 217 1871 utrum
229 1822 296 1871 vere
311 1814 427 1871 dicetur
441 1814 587 1887 ignorant.
604 1812 686 1870 Unde
699 1818 728 1869 et
739 1813 940 1870 exeommuni-
994 1817 1177 1883 exercituum,
1192 1819 1219 1871 et
1233 1819 1322 1874 emisi
1336 1818 1492 1876 eddomem
1514 1823 1597 1892 scria
1613 1826 1689 1882 steri
1710 1827 1823 1885 merem

114 1903 243 1961 cationes
255 1906 370 1960 nostres
385 1919 453 1960 cum
469 1900 705 1959 absolutionibus
720 1902 800 1975 parvi
817 1902 939 1968 ducunt,
991 1903 1115 1974 juraretis
1142 1906 1174 1960 iri
1206 1907 1318 1962 mmiee
1349 1923 1408 1963 mco
1438 1910 1617 1969 modario.
1645 1916 1673 1970 et
1702 1931 1820 1975 commo-

116 1994 344 2067 quiaquantum
361 1991 523 2064 intelligere
537 1995 672 2065 possunt,
688 1994 717 2048 et
731 2008 784 2047 nos
800 2009 817 2047 o
831 1992 941 2047 sanctis
996 1992 1105 2048 reditur
1116 1994 1147 2048 ire
1173 1993 1261 2049 credie
1289 1994 1383 2051 dereris
1410 1997 1479 2067 ejus,
1495 2002 1521 2055 et
1535 2006 1675 2059 consueret
1697 2019 1770 2072 cum,
1795 2015 1822 2065 et

115 2082 279 2139 denonibua
294 2081 561 2139 excommunicates
575 2085 763 2155 cognoscunt,
774 2085 803 2137 et
818 2081 940 2154 ligatum
996 2081 1073 2151 liene
1088 2083 1158 2153 ejus,
1173 2089 1199 2137 ct
1212 2082 1316 2154 lapides
1330 2085 1389 2156 eius
1404 2086 1495 2152 (Zeti.
1516 2104 1543 2154 v,
1559 2087 1586 2156 i,
1602 2091 1642 2163 l).
1659 2093 1767 2162 dedite,
1780 2095 1821 2152 uit

117 2171 266 2230 neminem
283 2170 373 2245 ligere
386 2171 430 2229 vel
442 2170 590 2228 absolvers
600 2170 813 2243 pesseerbitrie
825 2170 942 2243 proprie
996 2170 1083 2241 elius,
1099 2174 1133 2227 ut
1146 2171 1184 2229 ed
1200 2169 1257 2229 ulia
1275 2176 1435 2249 transeam,
1463 2174 1555 2233 cedite
1582 2178 1632 2234 ioc
1658 2183 1821 2252 eecerrletes,

119 2262 198 2319 304
212 2259 530 2333 comprehendunt-Ad
545 2257 762 2332 preffleeddum
782 2276 853 2317 sone
875 2275 943 2315 eum
988 2262 1023 2317 'ei
1035 2256 1177 2326 merom,
1191 2256 1257 2330 reio
1271 2260 1345 2316 vebis
1355 2261 1495 2334 judiciem
1508 2274 1556 2330 est,
1567 2270 1698 2337 quoniam
1708 2272 1821 2344 Decem

118 2349 245 2407 inaniter
258 2348 435 2422 pervenitur:
449 2347 583 2421 quemvis
592 2348 700 2404 dixisse
709 2348 853 2405 Dominus
864 2364 943 2404 reeo-
997 2350 1066 2423 secti
1088 2350 1153 2404 estis
1175 2350 1357 2420 speculationi
1371 2350 1441 2420 (Dee.
1456 2369 1486 2418 u,
1500 2353 1536 2421 i).
1559 2355 1614 2420 Qui
1639 2356 1761 2431 intelligi
1777 2360 1820 2416 lu-

121 2437 215 2496 letur:
233 2439 297 2509 Qaoe
311 2436 406 2494 dicent
417 2439 512 2511 fedic,
536 2454 596 2510 eure
618 2446 710 2493 eutem
730 2440 838 2510 ferirent
860 2438 946 2494 nolite
1000 2436 1107 2505 cidius,
1122 2436 1193 2507 quid
1210 2452 1302 2507 prese
1317 2437 1449 2508 apertius
1469 2441 1583 2510 petest?
1604 2442 1821 2514 Speculatorem

120 2528 332 2601 [coeciliani.
348 2544 428 2595 xxrn,
439 2526 477 2595 3);
492 2525 729 2599 Apostolitamen
744 2524 946 2598 exaggerando
1000 2525 1109 2598 quippe
1131 2539 1195 2579 esss
1207 2530 1340 2596 oportere
1355 2525 1532 2597 pentiiicem,
1549 2529 1599 2600 qui
1615 2528 1694 2599 dicit,
1711 2533 1821 2592 innuit:

123 2633 289 2674 sermonem
303 2616 373 2689 quid
398 2615 494 2671 dicere
520 2613 643 2686 possint,
670 2632 728 2670 nen
753 2615 809 2671 sibi
826 2615 948 2671 credunt
1000 2614 1201 2686 Speculatorem
1216 2615 1343 2685 tepesci,
1360 2615 1823 2690 uitDomieeeesereiteem,eiomee

121 2706 235 2764 deesse.
252 2705 323 2775 Decii
334 2704 472 2777 predicet
479 2703 700 2776 conterendum,
712 2703 865 2776 spoliando
879 2720 948 2777 puu-
1000 2704 1084 2759 irraee
1099 2700 1207 2773 (liceri.
1220 2717 1262 2768 nr,
1275 2702 1330 2772 17).
1347 2701 1429 2759 Unde
1441 2707 1470 2760 et
1483 2704 1638 2779 episeopus
1653 2706 1761 2778 Grece,
1772 2729 1823 2769 su·

121 2800 217 2868 peres,
238 2799 271 2850 ut
282 2793 480 2868 locupleteris,
495 2794 581 2865 pejus
594 2793 726 2849 omnimo
740 2794 846 2865 [cremo
858 2794 945 2862 (item.
1000 2790 1577 2865 perintendena{obdiciturLatineQui
1588 2793 1824 2873 sibecegereeut

121 2892 154 2952 ιι,
169 2883 226 2956 el).
243 2883 298 2952 θεοί
308 2883 442 2939 dicisnorr
455 2880 647 2937 medendam
671 2880 730 2938 ullo
754 2882 851 2951 mede,
867 2880 947 2939 mille
1001 2880 1162 2948 soccitant
1169 2879 1299 2954 negligit,
1310 2880 1457 2953 estquod
1469 2881 1646 2957 estgrarius,
1655 2902 1713 2943 non
1717 2890 1823 2961 jussus

68 2984 73 2991 ·
120 2972 218 3029 modis
232 2972 264 3029 in
278 2971 425 3028 actitando
440 2971 525 3043 pejus
536 2972 683 3029 meteret
697 2970 789 3043 (tote,
804 2970 860 3044 22),
870 2972 946 3027 mul·
999 2970 1161 3045 presumit;
1176 2968 1300 3042 laqueus
1324 2969 1525 3042 speculationi,
1548 2972 1579 3030 id
1596 2975 1641 3031 esi
1664 2976 1823 3053 episcopali

119 3060 243 3119 tinibus
258 3062 329 3118 dum
344 3075 460 3132 quoque
473 3074 531 3115 non
544 3074 610 3116 esse
620 3057 740 3117 vereris.
757 3058 831 3125 Quid
846 3066 943 3117 tamen
1000 3060 1107 3129 ordini,
1124 3061 1152 3116 et
1166 3074 1256 3116 ceusu
1267 3059 1441 3132 perditionis
1454 3061 1544 3118 dubio
1558 3063 1660 3135 procul
1685 3066 1822 3138 eflicitur,

120 3149 190 3207 inde
204 3148 364 3223 proveniat,
380 3165 438 3204 nou
453 3164 470 3205 e
484 3148 755 3222 mediseersquivis
769 3148 943 3223 expostulet.
959 3121 982 3191 c
1000 3149 1128 3205 maxime
1142 3149 1167 3204 si
1184 3165 1241 3205 nen
1257 3148 1379 3218 inscius,
1395 3149 1446 3205 sed
1463 3152 1599 3209 conscius
1617 3152 1648 3209 id
1675 3161 1822 3228 operatur.

118 3240 293 3314 'sugerium
322 3237 438 3295 audiat:
468 3240 560 3296 come
587 3237 694 3310 iuquit,
729 3241 822 3296 recise
849 3240 946 3311 populi
998 3238 1047 3294 Ait
1061 3237 1140 3293 eninr
1156 3237 1191 3292 de
1207 3235 1316 3292 telibus
1328 3237 1533 3308 Apostolorum
1542 3241 1718 3315 precipuus:
1728 3245 1825 3302 licitos

119 3326 449 3400 modociensem).
464 3326 519 3391 eur
534 3326 646 3398 unque,
671 3325 727 3382 ιῑιι
743 3343 792 3382 aaa
816 3331 945 3384 eontam·
1000 3327 1058 3381 itis
1072 3328 1163 3396 tuere
1176 3340 1232 3381 err
1246 3338 1403 3395 semrom
1418 3328 1490 3381 riam
1504 3330 1637 3397 emoto,
1662 3347 1746 3403 quam
1765 3337 1825 3406 pore

121 3422 225 3479 „emat
235 3432 374 3485 canones,
389 3415 448 3471 imo
463 3415 520 3471 nisi
537 3414 716 3488 prophetica,
733 3413 909 3487 evangelicu,
918 3419 948 3471 et
1000 3414 1183 3486 concitionem
1196 3416 1347 3469 retrorsum
1360 3417 1481 3470 coerciti
1494 3414 1529 3470 eb
1543 3431 1584 3486 ro,
1599 3417 1670 3490 qued
1692 3421 1825 3476 traditum

121 3508 282 3584 apostolice
297 3522 350 3580 pre
366 3504 457 3561 nihilo
468 3505 607 3560 ducerent
618 3503 705 3571 dicta,
715 3501 946 3559 nullusseeula-
1001 3503 1123 3568 estillic,
1139 3503 1233 3556 cenete
1244 3498 1374 3555 mandute
1388 3501 1424 3572 (ii
1436 3503 1512 3557 Pctr.
1523 3519 1555 3572 n,
1570 3505 1719 3577 21).0ued
1735 3508 1827 3581 stipu-

121 3600 201 3657 ,ιω
216 3593 421 3668 Μιαριινὶ
442 3595 561 3649 duceret
587 3591 717 3658 vesanie,
746 3591 796 3647 sed
813 3607 948 3649 omnese
1002 3589 1144 3661 lensego,
1159 3586 1324 3643 visceratim
1340 3586 1422 3658 (quid
1437 3587 1535 3646 aliide
1550 3604 1581 3646 se
1601 3595 1738 3664 sentient,
1760 3595 1825 3652 ille·

122 3689 209 3748 aonia
222 3691 284 3743 tum
298 3682 431 3741 studiose
447 3685 593 3749 venerata,
610 3680 949 3753 omninecognescerent
1002 3695 1068 3735 rum
1084 3678 1225 3733 interesse
1235 3674 1473 3744 dimittens)oum
1489 3694 1534 3749 ⁰⁰,
1546 3680 1596 3753 qul
1611 3686 1678 3738 ⁸1¹oe
1693 3683 1825 3742 meldim

121 3776 296 3835 venerande.
311 3773 527 3830 venerarentur
540 3786 608 3826 vere
621 3786 640 3826 a
653 3769 739 3826 nobis
755 3772 948 3843 umorquae
1002 3764 1192 3841 dept⁰mi³⁸llr
1208 3763 1352 3820 0¹013m0²
1372 3766 1478 3823 minim
1489 3769 1826 3840 ”Msulmvirlsslem

122 3867 325 3940 diligerentur.
350 3861 547 3935 Diligerentur
571 3862 681 3928 eutem,
696 3858 722 3914 si
738 3874 795 3914 non
822 3859 872 3916 illa
886 3864 947 3918 tam
1000 3858 1139 3930 titinium,
1155 3871 1205 3911 ²200
1227 3853 1263 3909 Μ
1288 3869 1333 3909 ”w
1346 3870 1434 3913 Sirmi>
1456 3860 1546 3929 sami
1570 3858 1669 3932 iustiti
1694 3860 1822 3922 ⁰⁰mi725¹

121 4062 156 4104 ec
170 4043 292 4102 luxurie
307 4039 478 4108 maledicte,
503 4038 589 4110 cujus
616 4036 840 4094 detestationem
860 4056 947 4096 nemo
1001 4051 1098 4093 sermo
1113 4033 1239 4102 Domini,
1255 4032 1311 4089 uisi
1327 4035 1488 4109 perspicue
1503 4042 1605 4095 contra
1624 4038 1708 4097 illum
1733 4041 1825 4100 rebel·

119 4134 277 4202 litteratus,
293 4128 408 4188 etiamsi
415 4126 829 4200 velitparmiititurigaorare.
838 4127 948 4186 Omnes
1001 4124 1089 4183 lionis
1106 4123 1259 4192 indicium,
1275 4126 1304 4180 et
1320 4124 1492 4196 perditionis
1507 4132 1552 4184 cst
1570 4128 1707 4186 cumulus
1731 4129 1826 4187 meret

119 4240 190 4281 uere
203 4238 268 4280 earn
284 4220 359 4292 (805)
374 4218 481 4284 edisse,
496 4216 677 4290 voluptatem
701 4230 767 4272 vere
790 4215 885 4288 ipsius
900 4217 947 4274 di·
1000 4214 1075 4272 Cum
1090 4213 1168 4270 euim
1184 4212 1232 4269 ills
1246 4211 1332 4269 bonis
1346 4215 1476 4286 premia,
1493 4214 1598 4272 amalo
1612 4232 1680 4273 vero
1690 4218 1826 4274 receden-

119 4312 222 4387 ligcre,
238 4307 372 4384 quemvis
382 4303 945 4381 gehennaesuspectumultieemcavere;
1000 4303 1081 4361 tibus
1094 4302 1210 4358 vsniem
1226 4301 1388 4372 promittet,
1404 4303 1553 4358 neminem
1562 4303 1680 4375 decipit,
1688 4304 1826 4360 omnibus

121 4416 157 4460 ee
172 4398 291 4475 perbec
305 4394 504 4454 adversarium
518 4392 603 4449 uobis
626 4407 791 4448 sermonem
814 4392 946 4449 divinum
1001 4390 1089 4446 dicit:
1104 4390 1192 4445 Filios
1216 4388 1336 4444 bominis
1362 4399 1493 4445 ventures
1507 4394 1546 4445 est
1574 4390 1710 4462 inpleris
1734 4393 1827 4448 Petne

120 4488 154 4546 in
167 4488 216 4545 via
238 4484 389 4560 presentis
413 4482 564 4555 temperis,
594 4477 708 4537 Christo
736 4481 872 4549 testante,
897 4498 947 4537 en·
962 4487 986 4553 Ι)
1000 4481 1046 4535 eei
1059 4494 1122 4533 crem
1135 4477 1314 4547 erectiores,
1326 4479 1423 4532 citone
1435 4477 1828 4552 reddetenicuicoiqeeeccue-

120 4576 237 4636 ,rpem
1000 4566 1161 4639 damepere
1188 4567 1251 4638 ejece
1279 4562 1385 4637 (uerti.
1409 4581 1467 4632 arr,
1497 4566 1554 4638 27).
1580 4566 1682 4635 [Quem
1706 4571 1825 4628 secutus

138 4710 234 4799 Ι(803)
262 4714 423 4774 Construe:
453 4716 546 4787 licque
569 4719 600 4768 ut
609 4709 751 4784 judicetur
773 4725 828 4767 reon
852 4710 945 4767 incon·
1036 4707 1167 4853 Greffiorii
1182 4723 1290 4764 nemen
1305 4707 1485 4780 preferebat.

120 4806 226 4865 entem
240 4790 283 4846 uti
301 4789 347 4844 iric
374 4786 497 4857 exempto
526 4784 584 4842 tec.
600 4784 627 4838 si
647 4783 792 4865 seceimes
817 4781 948 4865 vidissent
1048 4782 1102 4837 805
1127 4780 1168 4836 An
1181 4779 1227 4862 iric
1241 4778 1313 4863 deest
1333 4779 1467 4864 quotidem
1490 4782 1612 4851 uerbum,
1636 4783 1707 4857 root
1732 4799 1827 4857 repere

118 4879 180 4921 eren
208 4860 361 4987 eeKcrpisci
387 4856 423 4915 ed
447 4860 524 4913 teate
551 4857 673 4912 tonitruo
698 4854 787 4910 dicim
823 4858 947 4924 terrores,
1001 4782 1094 4911 delere
1109 4852 1263 4908 monteillo
1278 4851 1385 4933 reficite
1408 4856 1537 4936 temperis
1561 4855 1667 4925 odisse,
1692 4856 1824 4930 diligere,

141 4934 238 4993 uerbi
258 4933 283 4988 ic
306 4931 429 5014 depinxi.
459 4943 591 5001 emerere
614 4941 759 5011 persumet
785 4941 949 5010 eceercunos
1002 4924 1123 5005 cerere}l
1140 4929 1193 4980 etc.
1210 4921 1437 4995 lrrsrccdrdrmes
1451 4923 1553 4996 libros,
1569 4929 1619 4983 edi
1631 4935 1691 5010 met
1706 4928 1823 5012 liberes.

119 4952 240 5077 imerici
250 5000 413 5075 intelleecre,
435 5005 581 5073 utcumque
603 4996 785 5054 nibilominus
800 5000 827 5053 ei
851 4998 894 5053 rttr
910 5002 948 5052 tr·
1002 4996 1063 5052 lie-e
1078 4994 1229 5076 serendum
1246 5011 1280 5049 ex
1295 5010 1328 5049 ee
1343 4996 1433 5065 quod,
1444 5012 1496 5069 que
1511 4998 1567 5054 lece
1580 4998 1711 5055 deterres
1732 4999 1825 5056 ceree-

121 5076 239 5135 merent.
274 5145 281 5157 ‚
719 5137 727 5151 .
884 5139 889 5150 ι
1002 5075 1056 5151 ret,
1073 5066 1225 5123 serendum
1240 5081 1307 5122 vero
1322 5066 1412 5136 quod.
1428 5067 1664 5126 ltanovissimus
1678 5068 1828 5144 spicilegii

121 5146 233 5294 stiffi}
247 5144 424 5290 tlill,tgi¹1lsiri
448 5141 528 5270 gestet?
543 5142 949 5291 ἱξὲἶὴοεξίιῗξΐίιέυξμίἒθαῖἳῖἓθ
1003 5139 1113 5292 ediiilbl
1142 5208 1279 5264 Mendose
1294 5206 1467 5293 inculpatis
1493 5214 1556 5284 epte
1583 5211 1704 5269 viventi:
1729 5227 1825 5285 nsque

122 5286 331 5365 lei-pretatione
358 5296 418 5343 non
446 5281 597 5352 invenerit,
627 5282 679 5364 sed
705 5278 811 5364 legerit
832 5284 949 5337 tentum
1004 5297 1081 5364 erum
1097 5283 1168 5352 epte,
1185 5279 1323 5363 scdneeie
1335 5288 1439 5362 orirerur
1454 5298 1550 5340 serum
1564 5282 1681 5341 Domini
1695 5289 1740 5342 est
1754 5284 1827 5339 iudi·

121 5361 201 5437 apud
215 5360 246 5418 S.
263 5356 434 5486 Gregorium
445 5356 695 5438 incommentarro
708 5369 738 5407 ιιι
751 5350 803 5435 lib.
816 5350 949 5427 lliegum
1004 5369 1083 5408 crum
1098 5350 1264 5433 rebellionis
1280 5366 1440 5433 perspicue
1455 5359 1559 5437 contre
1570 5354 1712 5426 Deum,et
1726 5370 1827 5438 eumu-

122 5450 148 5519 e:
160 5450 192 5504 n,
201 5430 284 5500 ν.23,
298 5446 317 5485 u
339 5428 719 5513 roseoqurdemesaerrtur,
730 5421 798 5505 brec
808 5422 951 5496 S.Grege·
1004 5422 1052 5481 lus
1065 5424 1247 5505 perditionis.
1261 5421 1335 5486 Quid
1352 5428 1450 5480 eutem
1465 5427 1707 5511 substetnendum
1721 5431 1759 5483 art
1769 5439 1826 5552 fl?

122 5520 203 5575 rrum
218 5500 414 5575 allegetlieu
427 5508 598 5583 ignoramus
612 5493 826 5579 intererudrtes
837 5498 951 5551 centro·
1003 5499 1078 5624 gete,
1093 5498 1126 5550 ut
1140 5492 1322 5566 srgurlieetur
1333 5493 1417 5564 nole,
1432 5499 1462 5552 S.
1477 5498 1601 5583 Zenertis
1623 5502 1755 5584 textura
1811 5522 1825 5537 ·

123 5574 201 5679 verti
211 5582 285 5667 trum
300 5572 401 5641 auctor
414 5571 479 5703 qus
493 5567 701 5652 commentam
723 5568 763 5623 sit
788 5564 818 5622 S.
842 5565 950 5651 Grego-
1037 5582 1099 5624 erro
1113 5569 1201 5620 antee
1213 5562 1361 5648 ineditus,
1383 5577 1510 5649 correpte
1530 5577 1693 5648 vermem,
1718 5580 1826 5645 oppos·

123 5640 419 5733 structoresque
445 5641 533 5718 tes,
558 5636 689 5705 aethere
712 5636 803 5698 codex
820 5635 949 5718 proiecto
1004 5640 1077 5703 tune
1090 5638 1249 5719 eugenue.
