3876 6084
111 296 172 368 339
569 303 758 371 sarasan
777 301 902 368 estse.
924 299 1069 365 veson.
1092 302 1179 367 OPP.
1202 302 1303 368 PARS
1326 301 1354 369 1.
1756 296 1822 368 840

111 437 245 520 pulvereo
260 436 398 497 vitiorum
409 436 935 514 squalore,quampluviavoluntario,
952 434 981 505 Α
996 453 1042 493 me
1057 436 1098 493 nil
1114 439 1191 495 unde
1207 438 1321 511 placere
1336 435 1425 497 alicui
1446 454 1553 514 queam
1574 434 1704 498 invenire
1726 437 1824 519 valeo,

111 546 199 602 quam
215 530 380 604 segregavit
391 529 622 605 ipsehaereditoti
634 527 936 602 suspensurae),
994 531 1139 599 quantum
1154 529 1268 585 cunetis
1283 528 1454 602 displiceam
1462 528 1781 604 solemnissimumque
1790 528 1825 586 il·

110 618 239 691 complui
255 618 408 686 malentes,
424 620 553 694 tegmine
567 637 620 675 nos
632 619 759 692 quodam
773 616 938 674 obteximus
993 615 1053 672 lam
1068 634 1131 674 esse
1146 618 1320 675 sententiam
1338 618 1823 694 approbo,quiacujusvitadespi·

109 707 313 780 iniquitatum,
331 709 493 782 intelligere
509 709 700 782 potuitvisum
716 711 761 763 est
776 723 938 780 congruum
993 704 1174 763 eitur‘restat
1189 711 1222 763 ut
1236 711 1265 763 et
1278 708 1443 781 pradicatio
1459 712 1664 765 contemnatur
1674 709 1715 782 (S.
1727 709 1822 766 Gneo.

110 798 188 853 189
202 814 314 867 eorum,
327 797 413 854 sicuti
428 803 457 854 et
471 798 661 871 antiquorum
676 795 938 852 indifferenternos
992 793 1013 850 l.
1030 813 1049 862 ι,
1071 795 1150 851 hom.
1177 797 1221 864 12,
1247 798 1277 852 iu
1301 796 1436 868 suanm
1463 801 1491 853 et
1520 796 1585 854 ideo
1614 797 1724 872 aliquid
1754 813 1828 855 mee

111 885 154 942 uti
170 886 311 959 exemplis
327 888 441 958 dobere,
458 887 605 960 siquidem
619 903 652 943 ea
667 903 730 959 quar
748 884 803 959 ipsi
819 900 937 957 acoepe·
993 884 1175 953 auctoritate,
1197 886 1312 942 etiamsi
1338 886 1454 943 adesset
1480 885 1550 958 ulla,
1567 886 1678 961 absque
1700 886 1823 946 illorum

112 980 182 1031 runt
193 992 211 1031 a
224 975 478 1049 superioribus,ita
490 977 574 1032 nobis
591 975 729 1049 pluerunt
739 973 936 1041 interioribus,
993 974 1133 1030 comitatu
1157 974 1286 1048 prolerre
1311 975 1411 1044 timeo,
1427 993 1464 1033 ne
1480 980 1580 1033 notam
1594 978 1673 1034 199
1684 977 1824 1051 increpa·

112 1069 144 1119 ut
159 1064 189 1120 in
205 1064 336 1137 quolibet
351 1082 439 1121 sensu
455 1065 571 1139 proprie
587 1063 727 1137 quidnam
747 1062 820 1134 (886)
836 1078 937 1118 eorum
991 1061 1082 1118 tionis
1097 1063 1159 1136 ipse
1175 1063 1303 1135 [rutundi
1317 1063 1470 1139 accipiam]
1482 1081 1499 1120 a
1513 1064 1821 1138 Domino,etlegentee

112 1152 216 1209 debeat
230 1154 332 1227 accipi,
348 1154 420 1226 ipsis
436 1153 670 1210 discernentibus
685 1154 782 1225 pateat
796 1150 936 1223 apertius,
992 1151 1174 1209 occasionem
1189 1153 1425 1225 reprehensionis
1440 1159 1541 1210 eorum
1557 1171 1621 1228 que
1646 1154 1711 1211 dico
1734 1171 1752 1212 a
1772 1168 1823 1212 me

113 1258 166 1298 nec
182 1241 221 1299 sit
236 1242 321 1298 alicui
337 1261 411 1316 opus
426 1260 521 1299 errare
536 1259 587 1315 per
602 1242 695 1314 devia,
711 1244 739 1296 et
754 1239 937 1313 proprianon
992 1240 1057 1313 ipso
1072 1241 1217 1314 accipiant
1240 1242 1289 1315 qui
1313 1242 1388 1299 dico.
1405 1243 1576 1317 cujusmodi
1602 1247 1700 1300 summ
1724 1244 1824 1318 gratia

113 1332 241 1406 propriis
264 1332 422 1389 attribuere
437 1332 519 1400 locis,
536 1333 606 1388 dum
632 1330 702 1403 quid
723 1345 824 1385 eorum
850 1344 938 1401 quem
992 1346 1034 1386 rer
1049 1330 1181 1387 libellum
1197 1332 1303 1388 cudere
1318 1332 1425 1404 ausim,
1441 1333 1471 1388 in
1487 1333 1545 1389 llos
1557 1332 1654 1406 operis
1678 1331 1748 1390 licet
1770 1349 1823 1407 po·

114 1421 280 1494 specialiter
294 1423 424 1478 obtineat
442 1438 575 1490 sensum,
590 1434 714 1493 quemve
739 1416 793 1472 rite
817 1420 939 1488 occupat
992 1436 1061 1475 nere
1076 1420 1264 1487 decreverim,
1280 1423 1379 1477 tamen
1394 1420 1465 1495 quia
1485 1420 1567 1478 locus
1591 1438 1644 1479 nec
1665 1422 1712 1495 [(.,
1727 1421 1824 1494 nune]

112 1509 254 1578 locum,in
267 1510 441 1566 tractatibus
455 1505 936 1583 copiosissimisinvenisipsorum;
992 1525 1055 1565 sese
1070 1506 1177 1582 ingerit
1191 1509 1545 1583 opportunus,dieendum
1561 1514 1632 1584 puto
1642 1511 1822 1569 couvenien-

113 1603 142 1655 et
156 1599 220 1655 ideo
236 1599 306 1655 dum
322 1598 435 1656 utilitas
450 1598 578 1671 postulat
593 1601 621 1653 te
637 1594 749 1669 aliquid
764 1595 799 1650 de
810 1595 938 1667 Scripta·
993 1597 1062 1654 tius.
1081 1597 1211 1654 Peccatis
1226 1599 1325 1671 itaque
1340 1598 1414 1655 mois
1429 1597 1498 1672 (ban
1515 1598 1597 1656 dolor
1607 1596 1627 1672 1)
1643 1599 1823 1657 iacientibus

113 1705 213 1745 rarum
228 1688 406 1746 testimoniis
421 1688 618 1761 allegare,non
633 1702 698 1742 esse
713 1701 787 1757 opus
802 1682 937 1740 inutilem
992 1691 1021 1742 at
1037 1685 1130 1744 multo
1151 1688 1264 1759 maJ’oro
1286 1687 1475 1759 merentibus,
1492 1688 1527 1744 ad
1552 1688 1613 1747 hee
1636 1704 1701 1761 qua
1723 1688 1824 1763 patior

114 1783 165 1834 aut
180 1778 313 1836 fortassis
331 1776 529 1851 periculosum
553 1775 682 1832 laborem
707 1789 869 1840 assumere,
885 1772 936 1829 sed
993 1775 1160 1843 devolutus,
1177 1775 1247 1832 dum
1269 1776 1340 1849 quid
1365 1776 1478 1833 dudum
1504 1777 1707 1852 luerim,quid
1732 1777 1824 1836 modo

113 1866 155 1924 ita
169 1872 203 1924 ut
216 1868 277 1924 siut
290 1869 334 1939 [(.,
351 1868 431 1938 suot]
448 1867 484 1922 ab
499 1865 541 1922 cis
557 1863 670 1937 prolata
685 1861 823 1935 prolerre.
839 1860 938 1934 Siqui-
992 1864 1061 1932 sim,
1073 1863 1144 1937 quid
1155 1881 1213 1920 non
1229 1864 1346 1933 luerim,
1362 1864 1434 1939 quid
1449 1882 1507 1923 non
1523 1864 1591 1934 sim,
1603 1865 1675 1939 quid
1690 1882 1756 1924 esse
1769 1866 1825 1924 de·

115 1956 181 2012 dem
196 1955 315 2012 illorum
335 1954 410 2029 (387)
430 1953 525 2028 magis
550 1968 640 2026 quam
664 1950 827 2025 priscorum
853 1948 939 2005 inniti
992 1952 1202 2025 beam,quidve
1217 1951 1379 2022 debuerim,
1391 1953 1560 2028 conspicere
1573 1955 1649 2022 volo,
1660 1970 1713 2013 nee
1726 1954 1822 2026 valeo,

115 2043 297 2117 exemplis,et
311 2042 496 2117 labyrinthus
509 2041 727 2114 seripturarum
739 2038 835 2095 adhuc
846 2038 941 2112 perio·
992 2041 1151 2098 caecitatem
1167 2041 1242 2098 banc
1257 2043 1344 2110 unde,
1354 2041 1469 2110 ubi,vel
1484 2042 1611 2116 qualiter
1625 2043 1823 2103 contraxerim

116 2131 316 2206 aggressibilis
344 2130 426 2199 mibi,
451 2136 480 2188 st
505 2129 672 2202 exemplum
695 2127 789 2185 suasit
812 2127 939 2184 duorum
992 2129 1107 2204 cagito;
1124 2131 1175 2187 sed
1197 2130 1394 2204 neclargitori
1420 2129 1553 2201 luminis,
1570 2149 1623 2190 neo
1647 2133 1823 2194 ductoribus

115 2222 202 2296 (388),
217 2238 292 2296 quos
307 2221 337 2278 io
352 2219 556 2278 Ecclesiastico
572 2217 696 2274 historia
719 2215 796 2272 filios
815 2215 938 2290 pingue·
991 2217 1065 2292 ipsis
1080 2220 1158 2276 unde
1171 2236 1333 2292 conquerar
1344 2219 1389 2276 vel
1410 2237 1600 2279 succenseam
1623 2221 1751 2293 invenio,
1766 2221 1822 2281 sed

115 2310 193 2370 diois
213 2310 364 2379 vocitatus,
388 2315 418 2367 et
439 2309 597 2366 luminaria
619 2308 720 2364 dextra
744 2304 865 2378 levaque
890 2321 938 2362 as·
992 2308 1115 2381 proprias
1131 2307 1315 2383 negligentiae
1331 2308 1440 2382 torpori
1455 2315 1484 2367 et
1504 2310 1637 2385 segnitie
1662 2310 1737 2368 illud
1762 2310 1821 2368 im·

114 2400 249 2458 sistentia
278 2398 451 2456 candelabro
476 2397 549 2472 legis
574 2396 669 2469 (leod.
686 2412 769 2462 xxxv,
792 2395 846 2467 il),
863 2410 938 2467 quos
991 2398 1157 2471 potandum
1172 2397 1329 2470 conspicio.
1346 2397 1447 2456 lithos
1467 2399 1588 2472 quidem
1611 2403 1759 2474 quantum
1783 2397 1821 2458 sd

113 2488 297 2564 Cappadocia
312 2492 392 2545 tanto
407 2492 479 2544 tune
492 2484 633 2559 temporis
648 2482 753 2540 vicinis
769 2481 937 2555 regionibus
991 2502 1044 2542 noe
1059 2489 1194 2559 percepta
1209 2485 1352 2559 (390).Ubi
1366 2503 1433 2544 vero
1449 2488 1485 2545 ad
1501 2504 1536 2544 ea
1550 2504 1614 2562 que
1630 2489 1747 2564 percepi
1757 2487 1823 2563 qui·

114 2577 387 2650 secundior,quanto
403 2576 475 2650 ipsis
486 2560 615 2630 nubibu's
623 2569 936 2644 completiorprotulit,
991 2574 1069 2646 dem,
1086 2575 1137 2632 sed
1157 2579 1293 2648 percepta
1318 2592 1422 2632 rursus
1444 2576 1555 2635 contuli
1579 2576 1696 2652 oblitui,
1714 2578 1819 2649 venio;

113 2667 245 2736 nutrivit,
260 2670 288 2723 et
300 2665 409 2734 docuit,
425 2664 485 2721 imo
497 2663 605 2736 quibus
620 2662 685 2734 ipsa
699 2659 938 2730 imbuta,nutrita
991 2663 1126 2720 maxime
1155 2679 1226 2720 mee
1250 2664 1427 2732 crudelitati,
1450 2664 1585 2722 maxime
1611 2667 1641 2723 in
1669 2665 1821 2741 propriam

113 2759 142 2812 et
156 2756 258 2813 edocta
272 2753 450 2811 luminosius
463 2752 577 2809 cunetis
588 2749 714 2808 enituit:
731 2748 782 2822 qui
802 2764 869 2803 cum
885 2762 937 2820 per
991 2768 1091 2808 necem
1106 2751 1265 2826 tyrannidi,
1280 2752 1409 2810 maximo
1424 2754 1532 2828 deputo
1547 2753 1821 2828 crimini,quodms

112 2843 252 2902 tredecim
268 2860 361 2901 annos
375 2842 514 2899 omnibus
528 2839 714 2897 secularium
731 2835 938 2895 Graeeorumli·
990 2840 1108 2915 proprio
1133 2844 1199 2898 actu
1224 2841 1266 2898 ita
1289 2840 1428 2914 sauciavi,
1454 2844 1549 2914 obrui,
1565 2847 1594 2902 et
1617 2844 1771 2913 obsecuri,
1787 2848 1822 2903 ot

112 2932 186 3003 bris,
202 2932 323 2993 remotis
346 2930 416 2989 solis
434 2930 540 2988 divine
554 2928 710 3001 Scriptura
725 2924 935 2995 voluminibus,
991 2928 1015 2987 si
1032 2930 1149 3004 quando
1164 2929 1265 2987 oculos
1279 2931 1411 2989 attollere
1430 2931 1461 2990 in
1486 2931 1560 2989 illud
1576 2932 1694 3008 copiam
1717 2932 1820 2993 lumen

113 3038 233 3096 operam
248 3022 362 3088 darem,
375 3036 476 3077 earum
496 3019 566 3092 [scit.
583 3014 814 3089 scripturarum]
830 3013 936 3070 intelli·
991 3018 1069 3092 quod
1084 3018 1182 3087 amisi,
1197 3023 1282 3076 tanta
1306 3020 1399 3078 noxie
1414 3022 1637 3079 consuetudinis
1661 3042 1679 3080 a
1705 3021 1821 3097 meipso

113 3111 243 3185 gentiam
259 3127 317 3167 non
333 3127 368 3167 ex
381 3108 500 3184 propria
514 3104 751 3181 presumptione,
763 3103 814 3160 sed
828 3117 864 3160 ex
873 3118 936 3159 ma·
990 3105 1146 3165 obnubiler
1159 3107 1345 3182 albuginem
1359 3126 1416 3167 non
1432 3109 1708 3186 modoviderequod
1719 3111 1821 3189 euplo,

1 3202 2 3207 ’
109 3199 211 3272 jorum
226 3197 343 3271 seriptis
363 3201 392 3254 et
405 3195 577 3254 auctoritate
592 3193 801 3266 sequebantur,
818 3207 892 3263 quos
906 3177 973 3247 etC
992 3199 1021 3252 et
1041 3195 1131 3252 veluti
1155 3197 1306 3254 somnium
1329 3198 1469 3256 advolans
1494 3199 1529 3256 ad
1551 3204 1680 3258 mentem
1696 3200 1820 3273 reduco,

113 3286 194 3360 ipsos
209 3303 243 3343 er
258 3285 418 3361 apostolica
436 3283 621 3342 successione
646 3280 828 3355 intelligendi
851 3294 938 3355 rego·
991 3300 1136 3357 nequeam
1150 3283 1215 3358 ipso
1229 3285 1342 3343 lumine
1362 3303 1563 3361 repercussus,
1578 3288 1659 3362 ipsas
1680 3287 1822 3349 erebus

113 3374 174 3432 lam
190 3376 356 3450 suscepisse
371 3377 533 3432 constabat.
550 3374 584 3429 lut
599 3371 668 3446 quia
691 3385 778 3426 nemo
799 3368 856 3425 seit
879 3367 947 3426 nisi.
991 3389 1059 3430 eum
1074 3375 1201 3447 quodam
1212 3374 1821 3452 oblectaminerepetsmquantociusffiitl).

114 3465 192 3536 quod
208 3462 305 3534 discit,
319 3464 419 3521 dicant
432 3479 499 3520 vero
515 3462 635 3535 quidam
651 3459 739 3516 etiam
764 3474 829 3531 que
853 3456 936 3531 igno-
991 3460 1050 3518 Hoe
1074 3461 1214 3520 diuturno
1231 3463 1448 3536 jammultum
1481 3465 1621 3541 fatigatus
1646 3465 1821 3537 cacumine,

113 3556 189 3623 rant,
206 3570 263 3610 non
277 3553 358 3627 potui
384 3553 495 3609 ratione
508 3554 628 3625 cogente
642 3548 742 3622 aliqua
757 3547 863 3617 dicero,
878 3545 936 3603 nisi
991 3549 1088 3623 ipsum
1103 3550 1178 3608 lucis
1193 3553 1267 3609 date
1283 3553 1401 3626 perdite
1427 3553 1512 3611 hesit
1536 3553 1693 3628 paululum
1715 3554 1821 3614 anime

112 3642 168 3700 scit
182 3658 311 3711 narrare,
327 3641 394 3699 licet
408 3645 437 3698 et
456 3641 595 3714 ambigua
619 3637 753 3710 quedam
769 3635 853 3708 (389),
868 3633 937 3692 lieet
991 3643 1139 3696 auctorem
1149 3655 1157 3709 ;
1169 3640 1233 3712 jam
1248 3657 1303 3698 nec
1317 3641 1393 3711 licet,
1410 3642 1530 3701 etmihi
1549 3643 1675 3710 videtur,
1690 3643 1737 3700 val
1752 3658 1821 3704 sere

111 3746 267 3803 perpauca,
280 3732 310 3787 et
322 3729 388 3802 ipsa
406 3728 523 3786 moerori
546 3724 713 3784 necessaria
735 3724 836 3780 videar
856 3721 935 3781 inse·
990 3728 1300 3803 requirere,quatenus
1316 3729 1365 3787 ille
1379 3731 1479 3789 oeulos
1495 3732 1604 3789 mentis
1618 3731 1820 3791 meesoemi·

111 3818 218 3875 ruisse.
990 3817 1152 3874 sericordia
1168 3822 1261 3892 ungat
1275 3817 1405 3893 collyrio,
1421 3819 1472 3893 qui
1490 3819 1564 3877 mihi
1587 3836 1639 3877 eos
1660 3836 1751 3879 moos
1773 3820 1822 3880 lu·

145 3908 191 3963 25.
207 3907 260 3964 list
283 3911 312 3964 et
335 3905 402 3975 aba,
417 3907 468 3963 sed
488 3908 552 3980 jam
577 3902 719 3978 superius,
738 3901 862 3969 reddita,
882 3916 936 3958 neo
990 3905 1092 3978 cisque
1105 3906 1250 3979 capabiles
1265 3907 1391 3965 contulit
1410 3907 1440 3966 in
1465 3907 1622 3983 principle,
1636 3924 1821 3985 mumurque

111 3993 208 4052 minor
222 3993 309 4051 istius
324 3994 519 4052 cunctationis
533 3993 617 4060 ratio,
630 3990 765 4047 videlicet
780 4006 826 4060 ne,
838 3988 864 4045 ei
879 3988 935 4044 mi·
990 3991 1087 4048 cordis
1100 3991 1163 4066 ipse
1182 3992 1367 4066 splendificet
1380 3995 1466 4068 (392),
1482 3994 1539 4069 qui·
1555 3996 1656 4054 omnia
1679 4012 1745 4071 que
1766 4013 1820 4055 vo·

110 4100 168 4140 nus
182 4083 292 4157 aliquis
305 4078 934 4154 nostraauctoritate,quenullaest,ductus,
988 4077 1077 4136 luerit
1088 4079 1174 4137 valet.
1191 4083 1225 4138 ltt
1239 4083 1318 4155 quia,
1336 4087 1369 4140 ut
1382 4083 1454 4154 diri,
1463 4082 1819 4160 paululumquidamoris

109 4171 224 4231 etiamsi
239 4171 349 4246 aliquid
366 4172 485 4230 haberet
500 4173 577 4244 quod
599 4171 635 4226 de
651 4186 704 4225 suo
719 4166 871 4240 proferret,
887 4166 935 4224 bis
985 4167 1049 4239 jam
1064 4168 1163 4226 animo
1178 4168 1341 4244 hesit3ipso
1353 4172 1417 4244 tom
1432 4189 1541 4244 amore,
1557 4189 1591 4231 eo
1605 4172 1750 4248 largieme
1764 4174 1819 4250 qui

110 4276 175 4333 que
190 4261 269 4320 dicta
282 4261 326 4320 vel
341 4261 464 4319 dicenda
475 4263 568 4330 erant,
585 4259 674 4314 fldem
689 4256 759 4313 dore
771 4254 934 4312 recusavis-
988 4256 1110 4325 deditae
1123 4257 1222 4331 ipsum
1238 4261 1381 4319 meruisse
1395 4277 1442 4318 me
1456 4260 1600 4336 intelligo,
1611 4266 1645 4318 ut
1658 4262 1753 4321 saism
1767 4278 1819 4323 nas

109 4352 165 4419 set,
181 4349 286 4408 saltem
302 4350 350 4408 his
364 4350 414 4424 qui
431 4347 643 4422 descriptoris
667 4362 702 4404 aa
725 4346 889 4418 decerpere,
905 4347 935 4402 et
989 4361 1046 4402 non
1063 4346 1161 4404 subito
1176 4347 1817 4426 ctimpudenteripsoquoadhuooaligovisu

110 4455 182 4496 sano
193 4456 283 4498 sensu
296 4441 331 4497 ad
347 4457 401 4497 nos
414 4440 570 4497 voluerunt
589 4437 712 4502 deferre,
729 4433 814 4490 nobis
829 4448 935 4491 conso·
988 4434 1092 4492 debere
1107 4435 1137 4492 in
1152 4435 1250 4509 ipsum
1266 4437 1454 4511 splendorem
1469 4437 1611 4514 ingerere,
1623 4455 1670 4509 ae,
1680 4438 1818 4498 revertis

109 4529 249 4587 nantibus
264 4531 381 4588 eredere
396 4529 518 4587 minime
532 4528 715 4586 detrectaret.
732 4523 787 4590 Qui
809 4522 888 4579 enim
903 4521 933 4579 io
949 4543 972 4610 D
987 4524 1059 4580 rotis
1073 4523 1136 4599 ipsc
1152 4525 1263 4599 fulgore
1278 4526 1441 4597 obtutibus,
1457 4528 1494 4586 ad
1507 4526 1724 4604 pejoresquam
1734 4540 1820 4588 nune

157 4671 209 4726 386
235 4671 267 4726 ln
281 4670 373 4744 vulg,
386 4671 526 4744 quiddam,
538 4669 638 4726 minus
652 4669 737 4724 bene.
987 4675 1051 4725 tuuc
1061 4670 1192 4742 temporis
1206 4670 1436 4743 emendavimus,
1454 4670 1504 4731 ubl
1519 4675 1582 4733 erat
1603 4674 1684 4731 taum
1707 4679 1819 4748 tesmo-

156 4742 209 4797 387
231 4742 346 4798 litorum
365 4743 483 4798 nomine
504 4742 637 4797 doctores
660 4742 778 4795 sanctos
805 4734 932 4820 intelligi
987 4741 1037 4796 ris.

109 4811 258 4869 notatione
272 4812 325 4868 385
339 4811 557 4868 observavimus
571 4830 577 4879 ;
589 4812 746 4894 priscorum
764 4824 830 4891 vero
855 4806 932 4864 Serv·
1021 4808 1096 4882 (389)
1111 4810 1152 4866 lla
1165 4811 1296 4884 emtique
1308 4816 1401 4882 voest,
1418 4829 1481 4887 que
1496 4813 1533 4871 ad
1557 4829 1644 4872 suem
1659 4809 1818 4873 calamita·

109 4887 207 4955 ptores
222 4898 332 4940 saeros.
348 4883 413 4939 Mox
432 4883 462 4938 in
486 4883 613 4956 vulgatis
635 4889 675 4939 est
700 4879 885 4960 carpentius,
900 4879 934 4934 er
985 4884 1044 4936 tarn
1061 4881 1236 4953 pertinentia
1247 4882 1371 4941 inseruit
1380 4902 1390 4968 3
1407 4884 1443 4942 de
1457 4884 1567 4960 quibus
1581 4888 1610 4944 et
1622 4885 1655 4943 in
1669 4882 1817 4959 paeonio

130 4953 492 5027 roestreposuimus,cum
508 4952 932 5023 sensussit,ducparsuas1sse
986 4949 1054 5006 libri
1089 4951 1155 5007 rimi
1171 4953 1281 5026 aliquid
1297 4954 1433 5012 similiter
1448 4955 1505 5013 scri
1544 4955 1577 5012 it.
1724 4972 1727 4979 ·
1808 5014 1812 5019 ,

108 4968 293 5094 Ratheriomt
307 5029 476 5082 sanctorum
491 5024 610 5080 Petrum
626 5023 823 5105 magisquam
839 5036 934 5076 saero-
1021 4967 1095 5104 (398)
1111 5023 1150 5079 sd
1163 5039 1214 5080 nec
1224 5034 1362 5099 perceptu,
1378 5026 1408 5085 id
1423 5030 1500 5085 esta
1533 5043 1569 5085 ea
1582 5040 1648 5101 que
1667 5041 1727 5084 nen
1742 5039 1815 5102 pes*

108 5112 174 5151 rum
190 5095 367 5169 scriptorum
382 5100 513 5152 uteretur
536 5094 687 5168 exemplis,
704 5107 845 5149 nrmrrum
866 5095 932 5147 tum
985 5109 1017 5150 ce
1040 5109 1059 5148 1.

107 5166 171 5238 ipse
186 5166 373 5241 labyrinthus
388 5182 539 5224 sacrarum
551 5162 933 5247 Scripturarumpumduo·
1019 5110 1097 5236 {390
1115 5164 1280 5224 construe:
1306 5169 1338 5227 Ut
1361 5169 1419 5242 ipso
1441 5169 1546 5227 lumine
1566 5182 1742 5243 reparemus
1754 5182 1818 5229 sen

107 5254 173 5294 rum
189 5238 444 5295 celeberrimorum
462 5238 580 5294 Petrum
593 5237 754 5310 praxis‚quv
770 5232 932 5305 rotalbgeo-
984 5235 1062 5291 τηοιίο
1077 5251 1112 5292 ue
1128 5253 1209 5293 ceum
1221 5237 1312 5296 videre
1326 5241 1397 5313 quod
1410 5243 1499 5314 cupio,
1514 5248 1541 5299 et
1554 5239 1625 5315 quod
1638 5239 1727 5298 vetuti
1740 5255 1815 5299 som·

107 5309 179 5365 tiam
192 5326 344 5366 sacrarum
358 5309 532 5366 Litterarum
546 5325 604 5365 non
619 5305 932 5389 expropriapresum·
984 5307 1065 5361 nium
1092 5255 1220 5391 adnotans
1247 5309 1345 5368 reduco
1368 5311 1405 5368 ud
1426 5315 1569 5380 meutemr
1593 5313 1699 5386 (emm
1724 5311 1815 5373 elien

106 5379 216 5452 ptiooe,
234 5382 284 5438 sed
300 5398 334 5438 ex
349 5383 495 5454 maj0rum
507 5381 625 5455 scripti⁴
640 5384 669 5438 et
686 5379 858 5436 auctoritate
882 5374 931 5431 tle·
984 5377 1221 5436 subaudiendum
1237 5383 1292 5453 est)
1313 5384 1474 5455 quantocius
1493 5391 1614 5457 repetem
1637 5383 1712 5457 ipsos
1733 5388 1813 5443 uss·

103 5451 249 5508 elevarunt,
986 5448 1048 5504 drus
1062 5465 1125 5506 eum
1156 5452 1454 5511 uodomotteetomiue.

141 5522 216 5596 (388)
231 5523 265 5580 lli
279 5524 449 5581 ducPatres
464 5524 494 5580 in
510 5523 550 5580 Ga
592 5522 695 5580 adoaia
717 5519 933 5578 celebrassent
1023 5519 1124 5591 (392)Ι
1160 5526 1383 5596 astatquuteaus
1394 5540 1503 5585 sensum
1516 5525 1605 5586 caree
1620 5524 1814 5600 tuscerlande·

106 5594 200 5652 saneti
215 5593 342 5652 basilius
357 5596 548 5669 etGregorius
580 5591 934 5664 uiannnusrostpauaa
986 5591 1056 5661 ficet,
1069 5594 1127 5665 qui,
1142 5597 1197 5650 etc.
