3892 6090
114 266 174 335 ’193
594 260 831 330 murratum
852 258 1126 326 CREMONENSIS
1148 261 1335 328 eelsooel.
1764 261 1821 326 rat

116 425 190 485 quas
202 403 335 481 ejusdem
345 398 446 461 basilii
455 397 546 468 illins,
557 402 738 457 memoratus
748 397 804 455 Leo
815 391 979 469 impera-A
993 395 1073 454 lesus
1083 413 1272 472 exeasquam
1283 398 1312 456 id
1322 397 1495 472 percontari,
1506 397 1557 458 tibi
1569 395 1757 457 commodius
1766 403 1818 470 est,

116 504 163 556 tor
177 499 334 572 augustos,
349 490 492 551 mentoris
516 490 638 562 risuque
653 488 758 562 dignas
773 486 843 560 egit,
859 486 939 542 inse·
995 488 1058 544 Non
1092 504 1173 562 aequa
1201 489 1389 556 vos,etat<³¹
1419 495 1821 562 retentacula-tetemet

115 575 937 656 rere,constnntinopolitanaurbs,quaepriusBizantium,
993 586 1205 652 χρυσοτρίκλινον,
1227 595 1258 635 se
1271 579 1296 635 is
1311 579 1353 633 lin
1376 577 1475 634 filakin
1491 579 1528 634 ke
1549 582 1640 633 auton
1656 578 1683 633 is
1698 583 1729 634 to
1746 579 1820 636 rhri·

116 695 190 735 nova
205 690 284 732 nuno
299 673 405 730 dicitur
417 673 519 736 Roma,
535 670 612 725 inter
626 666 821 724 ferocissimas
837 668 939 738 gentes
993 665 1173 734 setriclinon,
1190 672 1219 724 te
1234 668 1263 723 in
1279 684 1403 732 carcere,
1419 673 1449 724 et
1472 666 1601 723 illumin
1626 685 1753 724 aureum
1768 669 1819 725 tri·

1 787 8 796 ¹
116 772 162 824 est
178 764 346 823 constituta.
359 755 751 832 Habetquippcabaquilone
762 753 937 827 Hungarioe,
993 753 1125 823 clinium,
1143 756 1259 812 fortuna
1284 757 1368 812 fovet.
1396 756 1487 812 Parva
1502 762 1573 812 sunt
1590 757 1665 822 hee,
1689 758 1818 830 graviora

115 858 281 921 Pizeneeos,
302 853 455 917 chazaros,
469 848 574 906 Rosius
589 864 664 931 quos
679 845 736 902 alio
751 860 805 900 nos
820 843 939 899 nomine
993 844 1271 908 addanturvineula,
1288 862 1323 902 ne
1335 844 1373 900 sit
1386 845 1515 917 spatium
1527 846 1563 902 de
1577 846 1755 918 imperatore
1765 864 1822 904 me·

116 946 320 1003 Nordmannos
331 939 525 1013 appellamus,
536 941 624 1007 atque
645 933 797 1006 Bulgarios
813 930 937 985 nimium
993 932 1116 988 ditandi.
1135 955 1148 981 a
1163 934 1216 988 Cui
1232 957 1246 983 «
1263 933 1378 999 Desine,
1395 933 1502 1005 inquit,
1515 935 1617 991 desine
1631 953 1638 1004 ;
1651 935 1716 1008 ipse
1743 938 1816 993 enim

116 1036 173 1092 sibi
188 1033 318 1098 vicinos3
336 1030 372 1086 ab
387 1027 498 1084 oriente
513 1026 624 1097 bagdas
639 1042 646 1087 ;
664 1023 739 1078 inter
755 1021 897 1077 orientem
910 1022 940 1073 ct
993 1022 1122 1078 sumLco
1135 1023 1292 1095 imperator
1302 1023 1556 1095 augustus,quidc
1567 1023 1817 1098 palatiidignitnte

117 1123 269 1182 meridiem
280 1118 383 1192 Bgypti
395 1113 641 1186 Babiloniaequo³⁰
653 1111 779 1176 incolas;
791 1126 808 1164 a
818 1107 939 1163 meridie
993 1128 1050 1166 non
1067 1111 1142 1167 bono
1157 1112 1254 1168 omine
1269 1112 1375 1184 prodii.
1394 1135 1407 1161 »
1431 1113 1562 1169 Carceris
1587 1118 1687 1169 autem
1711 1120 1817 1186 custos,

114 1228 182 1268 vero
205 1209 333 1266 Africam
348 1206 436 1261 habet
460 1208 488 1258 ct
512 1201 692 1258 nominatam
715 1197 795 1254 illam
812 1195 937 1252 nimium
992 1216 1186 1272 speransnon
1211 1217 1357 1257 veraessc
1381 1218 1444 1273 qua
1469 1202 1600 1257 dixerat:
1628 1225 1643 1252 n
1660 1203 1754 1276 Egon,
1778 1207 1818 1261 jn.

113 1300 240 1356 vicinam
257 1297 372 1368 sibique
388 1291 562 1349 contrariam
578 1287 705 1345 insulam
722 1289 812 1342 Crete.
834 1286 938 1340 Cetera
992 1289 1067 1360 quit,
1083 1288 1231 1345 hominem
1247 1289 1398 1361 inpurum,
1414 1290 1491 1346 bona
1506 1308 1561 1346 sua
1575 1309 1644 1347 eum
1660 1293 1817 1350 meretrici.

114 1405 182 1445 vero
198 1404 261 1460 qua
277 1384 412 1442 suntsub
422 1383 523 1438 codam
535 1378 651 1436 climate
666 1372 937 1441 nationes,1lrmeui
991 1378 1047 1433 hus
1057 1376 1297 1450 abligurrientem
1311 1379 1515 1451 imperatorem
1526 1380 1816 1447 credamiQuoniam

116 1477 237 1544 scilieet,
253 1477 365 1542 Perses,
381 1470 510 1538 Chaldei,
525 1468 643 1541 Avasgi,
667 1466 737 1522 huic
758 1463 936 1521 deserviunt.
991 1470 1080 1522 temet
1095 1471 1128 1522 tu
1144 1466 1295 1540 neglexisti
1311 1485 1363 1540 pro
1379 1472 1406 1523 te
1421 1484 1474 1541 ego
1490 1468 1643 1542 dispitiam
1663 1471 1814 1528 mathesin,

115 1566 220 1624 Inoolae
236 1565 362 1637 denique
385 1559 510 1618 civitatis
534 1558 634 1630 hujus,
650 1556 736 1611 sicut
760 1556 938 1610 memoratas
992 1556 1070 1612 Mars
1081 1557 1223 1628 trigonus,
1236 1557 1381 1613 Saturnus
1392 1556 1533 1613 Venerem
1545 1558 1677 1630 respicit,
1688 1559 1819 1633 ,luppiter

114 1649 470 1730 gentesdivitiisitaetiam
481 1643 625 1719 sapientia
636 1641 863 1715 superexellunt.
874 1639 934 1694 Mo·
991 1645 1162 1716 quadratus,
1188 1645 1351 1702 Mercurius
1377 1645 1430 1702 tibi
1455 1645 1558 1714 iratus,
1584 1647 1635 1703 Sol
1664 1650 1814 1717 rotundus,

114 1744 155 1802 ris
167 1743 382 1818 quippeeorum
393 1729 938 1805 est,neavicinisgentibusobprimnn-
953 1765 977 1830 B
992 1737 1073 1789 Luna
1088 1733 1117 1789 jn
1133 1734 1210 1790 ,aqu
1226 1739 1280 1801 est,
1298 1736 1375 1791 mala
1389 1739 1517 1791 Fortuna
1527 1740 1556 1792 te
1571 1737 1692 1808 premit·
1705 1760 1720 1786 n
1733 1738 1816 1813 Imm.

113 1815 942 1906 tur;singulisquibusquenoctibuspertoliuscivitatisbi·
995 1826 1073 1879 rntnr
1087 1840 1196 1879 voroz«
1212 1824 1258 1892 Ut,
1273 1824 1380 1896 inquit,
1396 1841 1465 1880 vera
1476 1825 1582 1897 probes
1592 1828 1811 1898 essequaediro,

113 1907 941 1993 vium,trivium,quadruviumquearmatosmiliteseausa
993 1911 1064 1967 dum
1080 1912 1253 1968 matutinale
1275 1913 1408 1969 dederint
1422 1913 1552 1985 signum,
1578 1917 1649 1971 ame
1663 1915 1744 1971 enim
1762 1933 1811 1973 non

115 1995 939 2075 ensmdtendaeeivitatis,quieaminngiinnt,ponerellt-
995 2000 1058 2055 ausi
1073 2017 1189 2070 sumus,
1206 2018 1320 2058 mecum
1336 2003 1372 2058 ad
1389 2001 1531 2075 palatium
1542 2002 1650 2075 potiori
1665 2020 1757 2077 quam
1768 2021 1811 2078 ego

116 2090 734 2177 que,utsipostcrepusculumquemquam
748 2084 939 2142 deambulan·
994 2090 1195 2146 descenderim
1215 2091 1313 2147 omine
1328 2092 1434 2147 venito,
1450 2091 1480 2148 εἰ
1497 2109 1543 2147 me
1563 2096 1596 2148 ut
1613 2092 1810 2166 mmmmm

115 2197 175 2250 tem
182 2189 279 2262 aliquo
288 2179 614 2245 custodesollenderiut,
623 2177 867 2250 captusprotinus
876 2190 938 2230 ver·
993 2196 1052 2235 non
1064 2179 1129 2236 istie
1140 2179 1228 2253 recipi
1238 2180 1355 2247 videris,
1367 2180 1704 2239 occiditoNouminoris
1715 2184 1810 2257 qnippe

115 2280 384 2350 beribusquecesus
399 2270 533 2328 custodia
546 2266 689 2340 pervigili,
705 2263 896 2337 compedibus
909 2263 938 2318 iu
994 2267 1125 2324 criminis
1140 2269 1205 2325 orit.
1221 2285 1268 2325 me
1283 2269 1488 2342 imperatorem
1500 2268 1610 2326 dixisse
1626 2269 1652 2326 si
1668 2288 1729 2327 uon
1743 2289 1808 2339 eum,

114 2356 704 2435 carcerestrictus,usqueincrastinumad
716 2353 939 2427 publicumpro·
994 2374 1082 2430 quam
1099 2357 1225 2430 aliquem
1237 2357 1387 2414 occidisse.
1405 2357 1434 2413 Si
1446 2374 1511 2413 vero
1528 2361 1556 2414 te
1571 2359 1607 2414 ob
1620 2359 1650 2416 id
1662 2359 1734 2416 mali
1743 2360 1810 2434 quie-

114 2458 267 2518 duceudus
278 2456 418 2511 servetur.
428 2450 486 2506 Hoc
496 2448 715 2520 deniqucpacto
726 2461 783 2500 non
796 2442 892 2499 solum
902 2443 939 2498 ab
994 2463 1083 2519 quam
1099 2447 1159 2519 pati
1175 2447 1325 2513 formidas,
1350 2446 1410 2502 hec
1429 2446 1513 2503 fatiat
1527 2446 1600 2502 mihi
1624 2453 1705 2507 Deus
1719 2454 1748 2506 et
1760 2450 1809 2506 hec

114 2549 261 2612 hostibus,
275 2559 378 2601 verum
401 2540 489 2596 etiam
505 2555 523 2594 a
538 2536 702 2594 latronibus
724 2533 817 2590 inlesa
836 2531 939 2588 civitas
993 2536 1091 2603 addat,
1108 2537 1133 2592 si
1150 2553 1207 2591 non
1217 2537 1315 2608 polius
1328 2535 1481 2608 premium
1493 2551 1581 2608 quam
1598 2553 1652 2608 pro
1667 2538 1725 2594 hae
1736 2555 1811 2595 reso·

114 2637 289 2696 custoditur.
304 2634 362 2689 Leo
377 2631 476 2702 itaque
492 2627 803 2700 imperatoraugustus
816 2621 938 2694 vigilum
994 2640 1056 2680 mes
1069 2623 1254 2696 supplitium.
1271 2647 1285 2674 »ι
1309 2624 1402 2697 Igitur
1415 2623 1554 2680 credulus
1569 2624 1699 2683 carceris
1722 2633 1810 2683 cunta

115 2728 202 2784 lldem
227 2719 481 2790 constantiamque
493 2714 618 2789 probare
632 2711 743 2778 volens,
768 2711 850 2768 solus
873 2712 940 2782 post
993 2714 1123 2781 allectus,
1137 2713 1217 2779 dato,
1233 2717 1266 2768 ut
1280 2713 1439 2784 imperator
1458 2713 1578 2780 dixerat,
1596 2715 1766 2772 matutingfi
1778 2716 1810 2771 sq.

114 2809 321 2887 crepusculum
333 2825 348 2864 e
359 2806 467 2881 palatio
477 2803 668 2869 descendens,
684 2800 721 2856 ad
737 2800 862 2873 primam
875 2814 938 2871 por·
993 2818 1060 2875 gno,
1077 2818 1145 2858 eum
1160 2802 1195 2857 ad
1214 2799 1355 2874 palatium
1380 2817 1474 2874 usque
1498 2801 1666 2859 comitatur.
1691 2805 1813 2878 Cumque

115 2900 193 2960 venit
207 2894 480 2959 vuswdiflmQUOm
489 2895 522 2947 ul
535 2890 638 2963 vigiles
646 2889 807 2963 lugientem
815 2892 844 2944 et
854 2885 939 2960 quasi
994 2891 1095 2946 eodem
1110 2890 1247 2956 venisset,
1272 2888 1447 2946 mirabiliter
1461 2889 1536 2945 sieut
1552 2906 1568 2944 a
1583 2907 1617 2947 se
1632 2893 1813 2949 noscentibus

116 2994 196 3049 metu
206 3004 238 3046 se
252 2980 601 3048 declinantemviderunt,
610 2975 940 3051 comprehensum,quis
994 2982 1159 3049 susceptus,
1172 2980 1308 3035 comitem
1318 2994 1404 3035 suum
1416 2979 1616 3034 exanimatum
1627 2979 1813 3038 admiratum

116 3083 193 3138 ‘³⁸⁸‘st
208 3092 302 3152 (1110νθ
326 3074 468 3148 pergeret,
484 3070 709 3140 illlssll⁰lil1¹⁸1ffll
727 3066 791 3133 Qui,
808 3083 823 3122 ὓ
839 3063 940 3121 mullis
995 3067 1233 3124 nimiareddidit.
1245 3068 1321 3124 Saue
1332 3068 1402 3124 dum
1414 3067 1572 3140 dignitaies
1582 3083 1688 3126 omnes
1701 3069 1813 3128 huicce

115 3184 210 3226 unum
225 3183 257 3223 ee
272 3180 337 3221 esse
362 3164 391 3218 et
410 3159 535 3233 lupanar
548 3160 656 3232 petere,
674 3156 755 3212 dixit.
781 3155 833 3212 Cui
850 3172 935 3211 mox:
954 3130 976 3198 c
995 3157 1146 3226 eurrere⁸²,
1164 3156 1265 3212 laudes
1280 3157 1411 3224 reddere,
1437 3156 1569 3221 adorare,
1596 3175 1701 3215 soecos
1726 3160 1813 3216 detra·

116 3283 130 3310 «
146 3262 250 3314 Cesum
266 3259 294 3311 le
310 3252 424 3316 acriter,
439 3248 587 3322 inquiunt,
604 3245 851 3319 compedibusque
871 3244 938 3300 stri·
992 3247 1071 3316 bere,
1088 3245 1145 3302 alia
1158 3248 1246 3317 atque
1261 3243 1318 3301 alia
1332 3261 1385 3316 pro
1402 3261 1625 3319 sequemquam
1642 3247 1737 3304 lacere
1750 3264 1813 3304 coa·

115 3352 195 3405 otum
212 3342 351 3417 usquein
377 3338 538 3396 crastinum
554 3335 778 3393 reservabimus.
797 3334 939 3401 »Quibus
992 3334 1192 3408 templaretur,
1206 3334 1332 3390 emoriei
1344 3339 1414 3390 tunc
1424 3333 1617 3405 atquecivere
1628 3338 1809 3395 satiusngset,

112 3435 281 3510 respoudit:
300 3453 314 3482 a
328 3443 377 3500 ur,
392 3436 504 3500 ἀδιλφοῖ,
520 3438 564 3498 μὴ,
581 3424 621 3480 mi
634 3424 730 3492 adelti,
747 3425 787 3479 mi
802 3424 880 3496 quod
896 3423 939 3478 in·
993 3424 1045 3480 Cui
1061 3424 1236 3495 imperator:
1250 3445 1265 3472 «
1275 3421 1487 3496 contemplare,
1499 3423 1607 3495 inquit,
1619 3441 1701 3482 nunc
1712 3426 1811 3483 mathe-

110 3527 302 3599 terpretatur3
320 3532 519 3591 nequaquam,
536 3516 652 3579 l'ratres,
669 3530 873 3586 nequaquam:
891 3529 938 3569 ac·
994 3512 1247 3584 sinetsirerequo
1258 3510 1476 3567 hucadveneris
1487 3512 1585 3568 omine
1596 3513 1809 3584 dixeris,rerani

111 3613 198 3688 cipite
212 3611 291 3686 quod
316 3611 408 3682 porto,
430 3603 590 3678 permittite
604 3603 645 3658 ire
673 3619 731 3674 quo
751 3600 825 3657 volo.
854 3623 869 3650 2>
884 3600 940 3665 Qui
993 3599 1809 3675 trangureudiscientiamhabereprobabis.Priustamen

112 3701 265 3761 duodecim
283 3695 411 3770 acceptis
421 3694 599 3760 nareiacum
608 3691 743 3765 protinus
752 3690 938 3747 dimiserunt.
994 3705 1104 3762 quaeso,
1121 3689 1192 3761 quid
1207 3688 1302 3745 morbi
1319 3689 1367 3758 sit,
1384 3689 1525 3761 proferas,
1541 3692 1621 3762 quod
1636 3696 1666 3748 te
1682 3696 1744 3751 tam
1758 3690 1809 3766 pal·

114 3791 184 3848 Inde
197 3805 265 3844 vero
276 3785 434 3850 transiens,
449 3782 484 3838 ad
501 3780 659 3838 secundam
675 3778 753 3835 venit
763 3779 938 3836 custodiam.
994 3779 1088 3835 lidum
1109 3777 1247 3844 reddidit,
1264 3799 1278 3827 a
1294 3777 1365 3834 eui:
1390 3778 1546 3834 parcarum
1557 3779 1590 3848 ss,
1617 3779 1696 3850 inm,
1712 3782 1811 3839 (ΜΝ

116 3878 178 3943 Quo
189 3872 439 3949 quemadmodum
450 3875 478 3926 et
492 3869 522 3925 in
533 3867 629 3942 prima
637 3872 749 3939 captus,
759 3867 896 3940 datisque
907 3869 942 3924 10
995 3866 1077 3924 Gloto
1087 3867 1150 3939 jam
1161 3883 1229 3922 nere
1241 3865 1362 3935 desinit;
1376 3866 1513 3923 Lachesis
1527 3884 1595 3924 vero
1609 3869 1640 3925 in
1656 3867 1811 3945 torquendo

114 3964 213 4023 aureis
227 3966 273 4020 est
283 3954 790 4018 dimissusddtertiamdeindedum
801 3955 939 4026 venisset,
995 3956 1128 4012 laborare
1143 3955 1270 4028 amplius
1296 3971 1353 4011 non
1379 3955 1470 4028 cupit,
1486 3955 1642 4015 sevissime
1655 3965 1755 4017 nutem
1768 3959 1811 4015 h·-

114 4057 160 4112 est
174 4054 299 4124 captus:
316 4062 417 4104 verum
433 4062 492 4101 uon
514 4047 548 4100 ut
561 4044 657 4116 primo
672 4060 705 4099 ac
721 4045 849 4100 secundo
865 4044 941 4101 datis
996 4061 1062 4100 rum
1077 4045 1200 4115 Atropos
1211 4043 1420 4116 articulosjam
1431 4043 1462 4099 iu
1473 4044 1623 4103 condilum
1633 4049 1693 4120 (55)
1704 4046 1812 4106 solem⁸

115 4141 213 4200 aureis
225 4143 271 4196 est
284 4135 441 4203 dimissus;
458 4133 509 4190 sed
520 4131 625 4189 ablatis
635 4131 783 4204 omnibus,
793 4133 941 4206 compedi·
995 4132 1110 4205 imperii
1126 4133 1168 4189 tui
1184 4133 1360 4189 sententiam
1375 4137 1518 4206 expectat,
1534 4138 1567 4190 ut
1580 4135 1632 4192 fila
1646 4137 1811 4195 contrahens

114 4234 229 4305 busque
244 4224 372 4302 graviter
387 4222 519 4292 strictus,
531 4221 635 4294 pugois
648 4220 808 4294 flagrisque
819 4221 870 4278 diu
882 4239 943 4280 ver·
996 4226 1123 4294 rumpat.
1152 4221 1325 4278 Palliditatis
1346 4226 1444 4278 autem
1469 4222 1567 4279 vultus
1582 4225 1642 4282 mei
1663 4243 1754 4284 causa
1764 4228 1810 4289 eet,

115 4323 247 4389 baeatus,
263 4315 399 4375 custodia
414 4311 548 4385 usquein
560 4311 722 4368 erastinum
736 4312 942 4383 producendus
997 4312 1125 4368 animam
1140 4328 1157 4367 a
1171 4310 1264 4383 capite
1276 4312 1473 4381 descendisse,
1485 4329 1645 4386 secumque
1663 4316 1694 4372 in
1709 4313 1812 4372 intorte

114 4414 258 4469 servatur.
269 4406 321 4463 liis
332 4405 431 4477 itaque
441 4401 672 4468 discedentibus,
684 4401 837 4456 custodem
852 4400 944 4475 impe·
997 4416 1058 4456 rem
1074 4400 1202 4473 corporis
1212 4404 1322 4472 partem
1335 4401 1508 4475 sanguinem
1518 4402 1705 4474 perduxisse.
1722 4428 1737 4456 »
1747 4402 1811 4462 Sub

40 4538 49 4564 .
114 4504 193 4558 rator
208 4499 244 4555 ad
261 4512 325 4554 sese
339 4490 462 4551 oaroeris
477 4506 599 4547 vocans:
615 4512 629 4540 »ι
658 4497 719 4547 oter
735 4514 792 4561 μου,
819 4489 866 4546 sile
880 4509 942 4562 mn,
959 4500 982 4566 1)
998 4491 1096 4546 ridens
1111 4489 1201 4563 igitur
1215 4487 1390 4562 imperator:
1403 4512 1418 4540 «
1435 4489 1550 4563 Recipe,
1561 4492 1670 4564 inquit,
1682 4494 1811 4558 animam,

115 4590 193 4665 quod
208 4591 253 4645 est
279 4581 438 4651 auricomi,
456 4579 561 4654 inquit,
587 4578 712 4636 Leonem
736 4579 940 4650 imperatorem
997 4576 1813 4651 recipe,etcumbaebisbinesaureorumlibrasadeamtr

116 4677 233 4735 nostin?
247 4707 281 4719 -
296 4673 362 4742 Qui,
375 4672 450 4740 inllt,
467 4685 586 4727 noscere
601 4668 726 4741 possim,
737 4685 823 4740 quom
836 4670 943 4728 vidisse
997 4667 1070 4725 nulli
1085 4683 1151 4725 vero
1163 4668 1198 4723 de
1213 4683 1270 4735 me,
1287 4665 1343 4723 nisi
1359 4667 1519 4742 aufugisse,
1535 4671 1728 4742 responden,
1741 4695 1755 4722 e
1773 4667 1814 4726 uie

116 4782 164 4822 me
173 4782 231 4821 aon
239 4760 444 4820 meminerim?
455 4760 497 4815 ad
511 4757 827 4831 publicumsane‚'raro
838 4775 942 4830 quam.
998 4758 1039 4813 ita
1053 4757 1154 4831 gestis,
1170 4756 1329 4828 imperator
1341 4755 1455 4829 vigiles,
1466 4757 1515 4830 qui
1527 4775 1558 4814 se
1569 4764 1692 4832 captum
1706 4759 1813 4817 dimine

117 4869 218 4926 quarn,
234 4853 306 4908 dum
323 4848 462 4923 procedit,
474 4847 596 4920 alonge,
608 4846 810 4919 quiapropter
819 4863 941 4919 nequeo,
998 4851 1073 4918 runt,
1087 4845 1196 4918 quique
1211 4861 1318 4901 caesum
1335 4845 1473 4902 custodia
1498 4847 1714 4923 manciparant,
1729 4847 1813 4906 venire

118 4958 185 4998 cum
200 4941 330 5007 intueor,
351 4937 483 4994 mirabile
505 4936 647 5008 quiddam
674 4938 703 4990 et
719 4951 776 4990 uon
793 4934 942 4992 hominem
997 4934 1135 5009 precepit.
1151 4934 1263 4999 Quibus
1275 4937 1304 4990 et
1315 4935 1357 4990 ait
1368 4951 1374 4990 :
1387 4959 1400 4984 «
1417 4935 1617 5008 vigilantibus
1633 4941 1719 4997 vobis
1734 4940 1813 4997 cusq,

118 5030 215 5087 videre
229 5029 337 5086 videor.
354 5027 428 5083 Dare
444 5029 541 5082 autem
557 5029 586 5081 te
598 5040 727 5097 operam,
744 5041 802 5096 quo
819 5023 886 5081 hinc
901 5025 944 5081 in·
997 5024 1136 5096 diamque
1162 5022 1270 5079 civitati
1288 5023 1496 5097 prebentibus,
1512 5029 1657 5100 numquid
1675 5029 1753 5087 iures
1766 5023 1811 5083 ali·

799 5166 920 5224 VAlllAE
939 5166 1143 5224 tensiones.

154 5290 177 5325 ⁸⁰
191 5286 413 5359 babilioniaeque
428 5288 440 5342 1
457 5286 503 5341 55.
541 5284 562 5318 ³¹
578 5287 606 5340 et
621 5283 646 5339 1.
685 5283 708 5318 ³³
722 5283 870 5338 oecurrel
909 5285 931 5319 ⁸³
946 5300 1049 5358 parcar
1072 5283 1202 5340 earuml
1231 5283 1380 5339 inductus
1395 5283 1486 5341 lineis.
1524 5286 1547 5320 ³⁸
1561 5284 1696 5344 articulis
1706 5289 1766 5361 jam
1779 5283 1812 5339 ia·

120 5361 271 5420 conditum
286 5358 379 5415 solam
395 5359 471 5414 55a.

915 5449 1030 5509 NOTAE.

157 5559 214 5633 (55)
229 5557 261 5616 ld
276 5559 322 5615 est
337 5552 475 5614 articulos
492 5551 600 5610 forllcis
611 5551 675 5623 jam
690 5550 720 5607 in
735 5567 825 5615 manu
839 5553 959 5615 curvata
972 5549 1111 5623 (κόνδυλος)
1125 5552 1238 5607 tenens.
