3876 6084
117 306 176 369 su
631 296 1317 374 praemonens-earnem}vim.
1768 317 1826 383 lu

119 435 217 510 aliquo
228 434 292 511 pari
306 437 373 493 ltcco
389 435 526 492 Ratherio
546 436 653 501 afficta,
670 441 698 491 et
711 454 729 493 a
744 435 884 494 Fulcuino
899 438 943 494 in·
959 439 987 507 Α
1003 439 1032 495 in
1048 441 1233 499 institutione
1261 442 1391 501 liutherii
1420 445 1501 501 nulla
1515 445 1558 502 vis
1587 446 1750 507 intercessit
1767 466 1774 507 :
1791 467 1825 510 ac

120 530 202 584 caute
218 525 330 583 ebibita
342 525 415 582 salis
438 525 555 582 videtur
576 526 715 599 abstergi.
739 525 834 584 Aliam
858 527 947 586 etiam
1002 532 1156 601 propterea
1165 530 1325 588 Fulcuinus
1337 549 1394 589 non
1405 533 1432 589 vi
1445 533 1596 606 expulsus,
1612 537 1662 593 sed
1673 559 1688 588 «
1699 538 1824 597 cessisse

119 615 298 689 emptionem
314 615 474 671 Fuleuinus
500 631 525 671 c.
541 617 577 670 28
601 614 687 671 relcrt
707 613 835 672 ecelesiae
851 617 945 673 sonuli
1000 615 1065 672 loco
1079 632 1094 668 a
1109 619 1246 687 traditur,
1264 643 1279 670 »
1294 621 1390 677 sciens
1403 621 1444 678 sie
1460 639 1575 696 quoque
1585 625 1753 700 episcopum
1767 627 1824 685 vel·

119 703 357 778 Dionysii,quam
365 702 543 761 ltatherius«
556 703 661 760 comite
672 701 811 761 lietberto
823 707 945 773 emerat,
999 703 1036 762 le.
1053 727 1067 756 »ι
1086 706 1136 764 llle
1150 706 1241 781 igitur
1255 725 1318 767 sese
1342 709 1471 783 legitime
1485 711 1654 769 institutum
1675 714 1798 772 oredidit
1813 733 1821 773 :

119 794 220 868 viginti
231 793 375 850 librarum
386 795 483 849 taxato
492 793 596 865 pretio.
614 816 628 843 c
648 793 688 848 Ex
698 793 792 849 abusu
802 794 866 866 ejus
876 798 945 849 ata-
999 796 1250 869 eondonandaqne
1260 802 1305 855 est
1316 798 1455 857 Fulcuino
1466 799 1571 857 aemulo
1582 800 1708 860 formula
1719 827 1734 855 «
1744 803 1824 863 inva-

118 882 393 953 tiseoclesiae,quae
416 880 549 937 redditus
574 880 778 950 habebant,in
807 881 944 939 militaris
998 883 1062 952 dit;
1080 885 1334 957 »quianomnim
1354 905 1447 961 »quae
1474 887 1822 950 huicinstituendocsu-

119 971 250 1028 beneficii
263 971 387 1027 sormam
403 969 487 1028 laicis
500 968 579 1027 tradi
592 968 735 1027 solebant.
750 968 834 1026 Illam
849 971 942 1028 sancti
998 988 1062 1029 sum
1078 973 1230 1046 dederant,
1248 998 1262 1026 n
1277 975 1409 1033 frivola.»
1425 981 1518 1044 ratos,
1532 983 1565 1034 ut
1578 980 1821 1053 posteriorijudi·

119 1059 256 1134 Dionysii,
273 1075 336 1133 que
351 1058 381 1114 in
391 1058 521 1131 Rotbeyti
534 1059 650 1121 conius
660 1044 835 1117 btncficium
846 1063 941 1117 trans-
997 1060 1042 1118 cio
1058 1060 1194 1135 agnitum
1206 1063 1271 1133 tuit,
1288 1079 1358 1121 eum
1371 1069 1513 1139 tanquam
1527 1066 1691 1126 invasorem
1704 1068 1819 1127 habuit.

121 1149 198 1214 ierat,
216 1147 390 1204 liutharium
404 1146 509 1221 viginti
525 1146 609 1204 libris
620 1148 790 1217 redemisse,
807 1153 835 1205 et
850 1149 880 1204 in
890 1149 942 1221 jos
997 1148 1099 1206 Solum
1110 1156 1267 1224 postquam
1282 1152 1439 1210 Ratherius
1448 1154 1579 1228 legitima
1586 1150 1713 1230 episcopi
1724 1162 1822 1215 auoto-

120 1237 347 1294 eeclesiastioum
363 1235 491 1293 voluisse
502 1235 656 1293 restituere
673 1237 778 1309 conjici
793 1242 899 1311 potest.
996 1238 1083 1296 ritate
1096 1240 1188 1297 abbas
1200 1240 1255 1296 tuit
1271 1241 1436 1309 institutus,
1453 1247 1587 1300 metuens
1610 1261 1646 1301 ne
1661 1245 1821 1304 Fulcuinus

152 1327 212 1382 lle.
226 1326 311 1382 Nunc
325 1324 563 1397 simultatis,que
572 1324 714 1382 Fulcuino
725 1342 792 1382 cum
804 1326 942 1383 Ratherio
996 1329 1033 1384 ob
1047 1327 1263 1386 animositatem
1277 1334 1306 1387 et
1315 1332 1600 1406 consanguineorum
1610 1333 1771 1407 potentiam
1782 1333 1822 1392 lo-

120 1414 291 1483 intercessit,
307 1412 382 1473 ratio
403 1412 576 1486 explicanda
596 1417 650 1470 est.
666 1414 738 1471 Rem
763 1415 805 1471 sic
824 1415 943 1487 exponit
996 1432 1074 1484 oum,
1091 1417 1139 1474 cui
1153 1423 1291 1487 cesserat,
1307 1419 1335 1475 vi
1349 1423 1501 1494 repeterat,
1530 1420 1742 1481 claustrum·in
1756 1439 1820 1481 mo·
1927 1433 1934 1448 ⁸

121 1505 192 1562 idem
208 1501 382 1561 Falculnns.
402 1521 417 1552 a
431 1505 498 1575 lpse
510 1523 525 1553 e
552 1501 730 1575 (liethertus)
747 1527 761 1553 «
776 1502 872 1560 locum
889 1520 941 1560 no·
995 1504 1067 1560 dum
1077 1504 1190 1562 castelli
1199 1506 1298 1574 cinxit,
1309 1510 1407 1580 atqme
1416 1508 1589 1567 muneribus
1599 1508 1821 1586 potentium'pa-

122 1597 211 1651 suum
220 1607 337 1664 semper
345 1606 511 1662 exsecrans,
523 1590 621 1647 abbati
633 1614 647 1641 »
664 1589 827 1664 (Fulcuino)
843 1614 858 1642 «
870 1591 941 1648 insi·
994 1592 1120 1649 trocinia
1133 1593 1287 1665 quesivit:
1304 1595 1465 1666 eademque
1488 1596 1524 1652 de
1549 1612 1639 1652 causa
1666 1597 1819 1656 ecclesiam

122 1681 178 1740 dias
193 1678 430 1748 machinabatur,
441 1678 653 1752 instigantibus
668 1696 736 1735 eum
752 1680 855 1737 adhoc
871 1697 941 1737 non·
995 1681 1089 1737 sancti
1104 1680 1244 1755 Dionysii,
1260 1682 1386 1753 [centn]
1400 1698 1488 1755 quam
1517 1683 1619 1757 viginti
1634 1683 1719 1743 libris
1736 1687 1820 1745 rede·

121 1769 295 1839 nullis.Quid
312 1767 397 1825 multi
412 1767 532 1825 morer?
545 1769 588 1825 Ad
604 1768 659 1826 hoc
675 1786 722 1826 res
736 1769 825 1839 venit,
841 1774 875 1827 ut
889 1771 940 1827 ab·
954 1812 978 1879 B
995 1772 1098 1838 merat,
1110 1768 1373 1827 dimisitvisaono
1384 1770 1820 1848 inLobiensismonaateriipos·

120 1860 165 1917 bas
180 1859 298 1917 cederet
311 1856 386 1931 loco,
402 1857 498 1914 sciens
514 1856 556 1914 sic
570 1872 687 1931 quoque
702 1856 818 1932 [ctxxu]
829 1859 938 1933 episco
992 1857 1123 1914 sessione
1134 1856 1198 1924 luit,
1215 1858 1347 1931 quandiu
1364 1858 1475 1916 scilicet
1499 1859 1571 1917 vixit
1585 1860 1738 1921 liveraclus
1756 1863 1819 1939 epi·

119 1965 182 2021 pum
200 1971 216 1999 n
230 1946 446 2019 (Evenclumln
462 1944 546 2014 velle,
558 1963 625 2002 nam
637 1946 791 2004 deconlhil
803 1952 938 2004 nostrum
993 1961 1110 2018 scopus,
1128 1946 1179 2019 qui
1190 1962 1258 2003 eum
1273 1946 1450 2003 instituerat.
1460 1946 1539 2005 Obiit
1549 1953 1647 2006 autem
1662 1949 1818 2011 Evaraolus

120 2037 192 2095 aliud
209 2040 256 2095 cst
267 2036 373 2096 dicero.
385 2033 541 2096 liutherius
553 2039 586 2091 ut
596 2036 939 2111 ostenderotpriorisini-
992 2049 1093 2092 mense
1107 2034 1260 2092 Novembri
1277 2036 1346 2092 anni
1361 2036 1423 2092 llil.
1439 2035 1583 2094 thksrus
1598 2055 1665 2095 vero
1680 2038 1738 2114 ipsi
1748 2056 1818 2097 suo·

120 2125 232 2184 micitia
247 2141 364 2196 causas,
380 2124 476 2185 losum
492 2123 613 2192 invadit,
629 2129 658 2182 et
672 2128 808 2182 metuens
823 2127 938 2184 abbatis
992 2123 1081 2179 cessit
1095 2122 1216 2180 ineunte
1231 2141 1306 2180 uano
1321 2124 1383 2180 972.
1401 2126 1503 2198 ltaque
1519 2125 1675 2184 liethertus
1693 2127 1817 2186 abbatia

121 2215 343 2284 animositatem,
356 2213 505 2289 simulque
513 2213 716 2286 cognationem
727 2215 870 2289 ejusque
880 2232 937 2272 non
993 2210 1130 2269 Labiensi
1141 2212 1295 2286 prefectus
1304 2212 1422 2270 ineunte
1435 2229 1512 2271 anno
1527 2215 1590 2281 971,
1602 2214 1762 2274 Fulooinus
1772 2232 1818 2274 se·

120 2309 172 2360 erat
188 2304 303 2369 intima,
318 2302 481 2360 claustrum
496 2303 527 2361 iu
542 2303 662 2359 modum
673 2302 783 2359 castelli
800 2302 938 2377 cingitde
992 2317 1024 2358 ro
1039 2301 1155 2359 Notkeri
1168 2301 1281 2373 judicio
1295 2301 1448 2359 restitutus
1459 2319 1537 2359 anno
1546 2303 1610 2358 972.
1623 2304 1699 2360 Tum
1710 2303 1758 2361 illa
1767 2303 1816 2361 Al·

120 2409 283 2450 mammona
297 2391 364 2462 sibi,
381 2396 414 2447 ut
441 2391 567 2462 dicebat,
593 2391 720 2458 residuo,
741 2393 937 2464 quorumdam
992 2406 1059 2446 nam
1072 2389 1207 2446 rediitzet
1217 2388 1341 2445 subinde
1350 2406 1417 2445 cum
1428 2389 1569 2448 Fuleulno
1577 2391 1816 2463 conciliatuqibi-
1902 2438 1912 2459 .

120 2481 281 2555 principum
292 2481 329 2538 ad
345 2479 399 2537 hoc
414 2485 512 2554 empto
519 2480 674 2554 adjutorio.
685 2479 811 2538 Ecclesia
820 2496 937 2555 quoque
991 2479 1058 2535 dem
1075 2479 1220 2550 reliquum
1235 2478 1299 2533 vite
1314 2481 1431 2551 tempus
1446 2479 1589 2551 transegit
1600 2479 1664 2537 sins
1685 2481 1813 2553 quarela.

121 2572 207 2628 sancti
231 2569 372 2644 Dionysii,
390 2586 479 2642 quam
506 2573 617 2627 emerat
632 2587 649 2629 a
663 2570 780 2626 comite.
798 2570 936 2627 Rotbcrto
1028 2569 1089 2623 143.
1105 2567 1168 2623 Non
1184 2566 1276 2622 multo
1290 2571 1387 2622 autam
1403 2571 1469 2639 post
1493 2567 1662 2641 supervixit.
1687 2569 1815 2626 Namne-

120 2659 368 2733 rigiotilibrarnm
379 2663 476 2716 taxato
485 2658 686 2732 pretio,hojus
697 2659 738 2715 roi
746 2676 834 2715 causa
849 2676 936 2732 spon·
991 2673 1057 2712 oum
1072 2655 1150 2712 onim
1167 2655 1291 2712 subinde
1305 2655 1465 2729 digressus,
1479 2679 1493 2706 α
1509 2672 1575 2711 oum
1591 2656 1632 2712 ibi
1648 2656 1721 2714 sorte
1735 2658 1813 2731 apud

120 2745 434 2818 tecaruit;necquid,
461 2750 616 2819 quantum,
634 2747 717 2804 cuive
745 2747 782 2804 ob
797 2747 827 2803 id
842 2747 935 2816 daret,
991 2745 1127 2802 comitem
1159 2747 1334 2808 moraretur,
1362 2743 1498 2812 decessit,
1514 2749 1546 2799 ut
1571 2744 1812 2820 Fulcuinnslcop.

120 2837 277 2909 quidquam
293 2835 376 2909 pensi
388 2834 579 2900 habuitouid
591 2834 811 2907 pluralAnnus
831 2836 879 2892 ille
894 2837 947 2894 sic*
989 2832 1187 2905 58lmemorioe
1196 2832 1334 2905 prodidit.
1343 2832 1466 2888 Mortem
1474 2832 1664 2905 ejusquidam
1675 2833 1813 2908 allligunt

117 2926 216 2981 ductus
227 2928 380 2997 est,usqus
389 2923 460 2980 dum
479 2924 638 2980 defunctus
656 2929 700 2981 est
717 2925 859 2982 Evraorus
874 2927 934 3000 epi·
990 2938 1067 2979 anno
1078 2922 1141 2976 973.
1153 2920 1365 2994 Alpraelerendi
1377 2921 1445 2977 sunl
1456 2921 1634 2994 Sigebertus,
1646 2939 1679 2978 ac
1693 2939 1814 2996 praesar-

115 3031 228 3088 scopus,
245 3014 319 3070 etin
341 3013 482 3084 locoejus
506 3013 651 3070 Notkerus
681 3014 867 3072 successit...
884 3015 934 3087 qui
988 3012 1042 3069 tim
1058 3010 1232 3068 Chronicom
1249 3009 1399 3080 lobiense,
1416 3010 1466 3082 qui
1482 3026 1549 3067 eum
1564 3011 1673 3068 obiisse
1693 3011 1814 3069 tradunt

114 3104 210 3160 nolens
220 3101 382 3177 primordia
397 3119 451 3158 sua
464 3101 548 3170 levia,
564 3107 615 3159 aul
629 3103 807 3176 praecipitata
821 3102 933 3173 haberi,
989 3117 1066 3158 anno
1080 3100 1134 3155 974
1144 3100 1281 3172 (Minna
1293 3104 1323 3156 et
1336 3099 1469 3166 Dumna,
1482 3099 1583 3158 Aneecl.
1592 3099 1760 3174 tinnulam
1772 3101 1814 3157 vi·

111 3190 601 3250 alteratisabbatibus.Werinlredo
615 3191 928 3263 videlicetaStablans,
945 3182 967 3251 C
985 3189 1271 3265 gesimamquintom
1280 3187 1388 3262 Aprilis
1396 3188 1588 3247 emortualem
1598 3189 1662 3262 ejus
1673 3189 1808 3264 designat

110 3287 135 3338 et
146 3281 301 3339 lleriberto
321 3281 359 3339 ab
383 3280 535 3355 Andagino
559 3296 626 3337 cum
656 3279 929 3354 aliquibuslratri-
983 3276 1220 3352 chapeauvillius
1248 3277 1369 3349 (cmxiv)
1410 3279 1445 3346 (t.
1476 3278 1487 3334 l
1513 3282 1585 3346 (lect,
1628 3279 1696 3335 Pon.
1736 3279 1808 3335 Ton-

109 3370 172 3441 bus,
216 3369 348 3443 primum
385 3368 613 3442 conspirationis
650 3369 769 3426 exordia
816 3369 928 3443 querit,
983 3385 1072 3443 presa,
1089 3383 1113 3423 c.
1131 3367 1187 3439 45.)
1199 3366 1311 3439 Corpus
1322 3364 1416 3439 ipsius
1427 3366 1463 3422 ad
1479 3365 1636 3424 Lobienses
1647 3367 1808 3425 monachos

108 3457 930 3533 insentatrutinatetdlscutil,discussadsmumy'udicio
984 3456 1114 3516 delatum
1140 3454 1258 3512 laudato
1288 3454 1428 3512 Fulouino
1458 3458 1541 3527 teste,
1558 3479 1572 3506 n
1588 3455 1808 3513 Pontilicalibus

108 3549 207 3606 utitur.
225 3547 281 3606 Ubi
292 3547 441 3622 perspexit
449 3547 550 3605 omnia
561 3562 625 3604 esse
635 3546 747 3615 frivola,
764 3549 868 3606 tratres
879 3549 929 3607 ab·
983 3545 1130 3619 exsequiis
1140 3543 1308 3600 solemniter
1317 3542 1482 3610 celebratis,
1489 3542 1648 3600 honorilice
1658 3548 1703 3601 ast
1713 3547 1809 3601 tumu-

108 3637 163 3694 bati
179 3636 639 3710 reconciliavitipsumrestitnit.
652 3659 666 3687 e
682 3637 780 3695 Exhis
795 3638 853 3694 duo
867 3654 930 3695 ma·
984 3633 1078 3692 latum
1093 3632 1124 3689 in
1139 3630 1261 3688 ecclesia
1276 3632 1306 3688 S.
1324 3631 1454 3687 Ursmari
1470 3631 1507 3687 ad
1522 3634 1635 3704 partem
1655 3630 1808 3704 aquilona·

108 3727 209 3785 niteata
220 3727 386 3785 eliciuntur.
400 3725 497 3783 Primo
507 3726 663 3784 dissidium
673 3725 790 3799 aliquod
802 3742 859 3784 non
871 3727 930 3783 exi·
983 3740 1056 3781 ram.
1073 3745 1087 3773 a
1103 3719 1233 3778 Ecclesia
1243 3720 1313 3789 hec,
1327 3724 1360 3776 ut
1370 3720 1479 3777 notavit
1490 3719 1665 3777 Mabilonius
1677 3721 1744 3795 (Act.
1755 3719 1804 3777 SS.

108 3832 195 3889 mum
211 3816 267 3873 tuit
282 3815 360 3873 inter
368 3814 528 3872 monachos
539 3815 696 3873 Lobienses
711 3820 740 3872 st
755 3814 929 3872 Fulcuinum
985 3812 1016 3870 0.
1033 3813 1065 3881 B,
1081 3814 1102 3868 t
1117 3809 1181 3880 vu,
1197 3824 1263 3882 pag.
1279 3808 1354 3882 479,)
1365 3812 1411 3865 est
1420 3806 1503 3866 locos
1518 3808 1677 3866 ecemstsrii
1688 3808 1810 3867 Loblea-

110 3919 206 3961 eorum
222 3904 370 3974 abbatem,
386 3904 471 3978 cujus
490 3920 581 3962 causa
594 3903 639 3960 illi
654 3903 824 3962 aFuleuino
849 3922 930 3962 aver·
984 3900 1038 3968 sis,
1056 3899 1142 3956 modo
1163 3896 1359 3973 paroechialis,
1376 3897 1426 3954 ubi
1453 3915 1555 3955 omnes
1583 3898 1671 3956 istius
1685 3897 1810 3957 ooenobii

111 3994 172 4060 suti,
189 3993 361 4050 Ratherium
377 3993 433 4050 sibi
458 3993 593 4051 abbatam
615 3999 820 4067 poposcerunt.
837 3993 931 4051 Dissi·
983 3988 1038 4046 viri
1053 3987 1184 4045 illustres
1195 3986 1303 4061 sepulti
1330 3991 1409 4056 sunt,
1436 3987 1465 4043 in
1479 3986 1552 4046 oolla
1576 3988 1644 4056 sita,
1672 3988 1709 4044 ad
1725 3988 1810 4060 cujus

111 4081 188 4138 dium
204 4081 278 4139 satis
293 4081 442 4140 declarant
455 4080 801 4155 illa,quibus1·'ulcuinus
811 4099 869 4139 non
879 4100 930 4139 an·
984 4079 1074 4153 pedes
1089 4081 1147 4135 stat
1162 4075 1373 4135 monasterium
1393 4076 1429 4133 ad
1452 4077 1562 4135 Sabim.
1590 4077 1717 4137 Tumulo
1744 4077 1809 4149 ejus

113 4170 551 4244 tereslitutnstraditurquam
567 4171 624 4244 ipsi
640 4171 745 4229 iratres
771 4173 870 4229 abbati
886 4190 930 4230 re-
985 4167 1047 4224 hec
1061 4166 1236 4240 epigraphes
1257 4165 1418 4239 insculpta,
1434 4182 1523 4238 quam
1552 4166 1582 4223 in
1612 4163 1809 4224 calccPraclo-

111 4258 478 4317 conciliarentur.«Fratres
497 4259 596 4317 abbati
624 4260 930 4334 reconciliavit,ipsum
986 4255 1123 4328 quintum
1140 4254 1270 4312 Ralherii
1285 4254 1403 4312 exhibet
1416 4256 1507 4312 sodex
1522 4254 1697 4312 laubiensis:

111 4349 244 4406 restituit.
262 4372 277 4397 a
293 4349 352 4405 llos
367 4353 465 4406 autem
479 4347 650 4406 Ratherium
671 4349 827 4422 expetiisse
842 4351 930 4407 abba·
1102 4387 1241 4445 VERSUS
1261 4387 1377 4446 SUPER
1397 4387 1578 4445 TUMULUM
1597 4386 1694 4445 pyus,

110 4440 175 4507 tam,
190 4437 250 4493 imo
265 4438 353 4495 ctiam
370 4436 601 4505 sollicitassent
616 4453 719 4495 eorum
740 4438 874 4511 partlbus
890 4441 931 4496 la·
1048 4496 1160 4547 Veromo
1175 4494 1286 4555 prm,
1302 4493 1348 4544 aed
1363 4497 1404 4543 m
1418 4492 1559 4543 merim
1573 4492 1645 4552 exul,

111 4525 328 4599 rens,Fulcuini
340 4526 536 4583 exclusionem
548 4531 727 4600 procuraret,
736 4527 931 4598 innuuntilla,
947 4550 971 4615 D
1095 4558 1162 4606 AB„
1178 4555 1335 4615 euenum,
1351 4555 1431 4606 ygh„
1445 4559 1559 4618 poam„
1573 4559 1646 4606 qum,

111 4615 348 4689 «instigantibus
363 4630 430 4672 eum
455 4615 492 4671 ad
507 4614 563 4672 hoc
583 4615 743 4673 nonnullis.
762 4637 776 4666 »
799 4617 933 4674 Secundo
1049 4619 1160 4676 Nobilis,
1177 4617 1305 4678 urbanus,
1321 4631 1369 4683 pro
1383 4620 1503 4682 tempora
1518 4617 1703 4682 morigeratus,

113 4703 180 4760 nihil
196 4704 251 4761 hae
266 4705 297 4761 in
313 4721 344 4760 re
357 4705 417 4779 egit
430 4703 587 4762 liutherius
602 4704 666 4761 sinc
681 4705 854 4763 auctoritate
869 4706 933 4778 ejus
1051 4679 1728 4809 Coffleiffirfflfffigffiiffifflffi‘ifffflffim3
1801 4796 1802 4799 Ἴ

114 4793 247 4869 episcopi,
263 4793 311 4851 cui
327 4794 469 4852 bobiense
485 4794 696 4852 monasterium
712 4795 839 4852 suberat.
852 4795 935 4853 Certo
1098 4806 1191 4857 Lector
1204 4805 1336 4871 propitius
1351 4804 1494 4858 subveniat
1508 4806 1640 4876 precibus.
