3876 6084
110 365 188 428 {309
628 366 851 431 anateee'll
879 365 1052 431 annuns,
1074 366 1295 433 PROLOGUS.
1738 369 1822 434 l3l0

107 499 199 575 priori
214 499 315 557 solvet.
331 499 413 565 Quod
425 499 449 557 si
458 498 565 574 aliquis
576 499 777 558 reclamaverit
786 503 814 558 et
827 501 933 575 proba·
949 500 1047 570 Asibi
1063 500 1188 574 injurias
1202 501 1341 576 irrogare,
1365 504 1394 560 et
1417 501 1492 559 nolit
1509 499 1596 575 juxta
1618 504 1729 560 statuta
1742 501 1816 560 villa

107 589 182 646 verit
195 605 227 646 se
240 590 271 645 in
286 588 457 661 hujusmodi
480 589 629 646 mensuris
656 590 747 647 luisse
769 591 934 664 deceptum,
985 589 1099 661 jndicio
1114 590 1600 665 lnjuriaepereequi,postprimam
1614 595 1643 648 ct
1657 593 1816 649 secundam

109 679 248 751 deceptor
262 679 404 734 damnum
420 679 554 735 restituet
581 681 610 736 et
634 679 724 752 priori
753 696 805 736 sex
826 679 936 737 solidos
991 679 1220 737 admonitionem
1235 681 1343 753 prioris
1357 698 1409 754 per
1424 697 1455 738 se
1469 679 1515 737 vel
1536 697 1588 754 per
1611 698 1681 738 snos
1696 682 1815 748 tactam,

110 767 214 824 solvet.
990 767 1039 825 illo
1053 768 1122 826 talis
1137 770 1274 826 omnibns
1290 769 1393 827 diebus
1407 770 1471 826 vita
1483 787 1543 826 snae
1557 772 1676 828 extunc
1691 769 1817 827 exsulet

145 856 284 912 Similiter
298 857 335 912 de
349 856 442 913 bortis
455 856 485 912 in
500 856 569 914 villa
584 858 753 915 constitutis
768 861 797 915 et
811 857 937 915 circum·
991 858 1133 932 profugus
1148 875 1206 915 non
1222 875 1392 916 reversurus
1402 860 1528 926 abnatat
1538 859 1635 916 omnis
1652 861 1716 932 ejus
1726 860 1817 917 bare·

106 944 285 1017 jncentibus,
300 945 379 1001 etde
394 945 486 1004 vineis
497 950 640 1003 statutum
652 951 733 1003 estet
744 948 937 1019 jurejurando
991 945 1068 1009 ditas
1083 947 1172 1020 priori
1187 948 1363 1005 incurratur.

110 1033 260 1090 firmatum
276 1035 354 1107 qnod
370 1050 456 1090 nemo
467 1036 574 1091 audeat
584 1036 614 1090 in
630 1036 747 1092 bortum
762 1037 807 1093 vel
821 1036 937 1093 vineam
1027 1040 1151 1092 Demum
1166 1040 1312 1094 statutum
1326 1042 1372 1094 est
1392 1038 1472 1111 quod
1496 1037 1664 1111 quicunque
1678 1037 1759 1094 intus
1771 1037 1816 1094 vel

111 1121 233 1179 alterius
248 1122 367 1193 intrare,
383 1140 436 1179 nec
468 1123 579 1196 aliquid
607 1141 720 1198 rapere,
737 1143 833 1199 neque
848 1125 936 1197 olera,
992 1129 1072 1181 extra
1087 1125 1215 1198 aliquem
1230 1126 1275 1183 vel
1294 1126 1424 1200 aliquam
1441 1126 1629 1198 interfecerit,
1649 1127 1713 1183 sine
1728 1127 1816 1184 mise-

111 1227 206 1284 neque
221 1215 348 1284 portum,
365 1229 460 1286 ncque
476 1213 589 1270 tructus
601 1213 627 1270 si
641 1214 751 1270 lucelnt
766 1215 833 1272 eibi.
993 1213 1118 1270 ricordia
1133 1214 1302 1271 incurratur
1316 1215 1451 1272 Domino.

146 1300 287 1359 Similiter
299 1303 334 1359 de
348 1301 441 1359 vineis
455 1320 550 1376 neque
571 1308 732 1378 agrestam,
748 1321 844 1377 neque
858 1322 937 1362 race—
1028 1303 1068 1359 De
1082 1303 1214 1359 minimis
1230 1308 1328 1360 eutem
1343 1303 1518 1378 qucrclie,ut
1529 1306 1574 1361 eet
1583 1305 1618 1360 dc
1628 1302 1818 1376 percussione

111 1406 186 1458 mos,
200 1407 295 1463 neque
310 1392 449 1464 paxellos,
466 1408 561 1465 neque
585 1392 696 1466 aliquid
725 1410 838 1451 earum.
855 1396 938 1460 Quod
993 1391 1053 1448 eive
1068 1392 1223 1466 sanguinis
1234 1393 1376 1449 effusione
1388 1393 1465 1450 tacte
1475 1393 1549 1451 etde
1562 1392 1653 1450 illatis
1668 1395 1819 1450 contume-

111 1478 256 1552 eialiquie
271 1480 373 1538 lecerit
393 1486 421 1538 et
445 1482 481 1538 da
509 1482 585 1537 tacto
613 1483 822 1555 comprobatus
838 1482 935 1554 luerit,
992 1477 1050 1547 liis,
1065 1480 1101 1536 de
1120 1480 1235 1553 capillis
1259 1482 1354 1554 ruptis
1379 1483 1467 1538 etde
1495 1481 1561 1537 aliis
1587 1480 1769 1553 hujusmodi,
1785 1484 1819 1537 ut

112 1569 256 1625 damnum
272 1570 416 1636 restituet,
432 1574 462 1626 et
477 1570 566 1643 priori
581 1587 632 1627 sex
647 1570 756 1627 solidos
771 1571 945 1645 solvetetsi
992 1573 1166 1626 consuetum
1182 1574 1228 1626 est
1242 1574 1271 1627 et
1285 1574 1428 1628 statutum
1444 1574 1589 1627 teneatur.

113 1656 183 1712 dare
196 1673 255 1712 non
272 1657 376 1728 possit,
392 1657 554 1713 auriculam
564 1659 677 1730 perdet.
1029 1657 1101 1714 Item
1116 1659 1142 1715 si
1162 1659 1230 1732 quis
1247 1659 1391 1735 virginem
1418 1659 1582 1733 corruperit
1592 1657 1640 1716 vi:
1656 1657 1682 1715 si
1711 1657 1818 1714 mulier

149 1744 222 1799 Item
238 1747 382 1801 statutum
397 1749 441 1801 est
455 1761 490 1801 ne
503 1744 611 1818 aliquis
623 1745 687 1801 sinc
696 1761 819 1801 assensu
831 1745 937 1817 priorIs
993 1745 1081 1801 luerit
1092 1746 1176 1803 vilior
1190 1748 1320 1816 eo,dabit
1329 1749 1354 1805 ei
1367 1747 1504 1804 marttum
1516 1746 1639 1804 consilio
1655 1746 1817 1804 amicorum

114 1832 144 1887 in
160 1832 343 1904 expeditione
355 1836 411 1901 eat,
422 1849 473 1889 nec
489 1849 583 1905 prece,
599 1849 652 1889 nec
663 1833 755 1905 pretio
770 1832 936 1905 aliquorum
955 1849 1125 1929 Bsuorum,
1140 1834 1182 1891 vel
1199 1835 1321 1908 accipiet
1333 1852 1398 1893 eam
1414 1836 1445 1892 in
1465 1852 1597 1892 uxorem.
1615 1834 1696 1902 Quod
1712 1835 1738 1893 si
1751 1852 1817 1892 mu·

113 1921 220 1975 ductus
230 1919 385 1977 castellum
398 1921 580 1992 ingrediatur
595 1921 631 1976 ad
650 1921 877 1991 defendendum,
893 1922 937 1977 vel
992 1920 1046 1978 lier
1060 1922 1148 1977 luerit
1161 1922 1297 1990 nobilior,
1314 1925 1351 1980 ad
1367 1924 1520 1981 arbitrium
1544 1922 1651 1997 prioris
1665 1926 1695 1980 et
1709 1923 1817 1981 amico·

112 2007 491 2080 sorasadexpngnandum.
508 2009 630 2074 Quodsi
656 2009 758 2066 iecerit
785 2009 937 2067 etvnlnus
993 2026 1058 2065 rum
1083 2009 1225 2076 mulieris,
1256 2011 1373 2067 mulieri
1400 2011 1560 2070 satisfaciet
1587 2015 1616 2068 et
1643 2012 1680 2068 66
1706 2011 1817 2069 solidos

112 2093 301 2164 intulerit,66
315 2096 425 2153 solidos
437 2097 527 2169 priori
540 2098 631 2166 dabit,
648 2103 677 2154 et
692 2114 831 2171 percusso
854 2100 937 2155 dam·
992 2097 1081 2171 priori
1097 2098 1197 2155 solvet.

112 2200 184 2240 num
199 2183 344 2241 restituet.
360 2185 390 2241 si
413 2186 552 2244 occiderit
578 2186 738 2255 hominem,
755 2187 855 2243 omnia
869 2204 937 2243 con·
1027 2187 1097 2243 Item
1109 2187 1135 2243 si
1149 2186 1258 2259 aliquis
1273 2186 1435 2257 quamlibet
1448 2186 1537 2244 aliam
1547 2191 1701 2261 stupratus
1716 2186 1814 2257 ltrerit,

112 2272 256 2329 fiscantur
269 2274 369 2346 priori.
386 2275 416 2331 Si
440 2276 508 2348 quie
538 2280 635 2332 antem
664 2276 808 2348 superbire
824 2276 938 2333 lacibus
991 2274 1132 2331 bsolidos
1144 2275 1227 2331 debit
1238 2275 1327 2347 priori
1343 2279 1372 2332 et
1385 2275 1501 2332 mulieri
1517 2275 1687 2332 satisfaciet.
1703 2275 1732 2333 si
1749 2275 1826 2348 quie]

112 2377 254 2419 accensus
268 2363 450 2436 negligenter
464 2365 500 2421 de
527 2364 597 2420 villa
624 2364 726 2421 exierit
746 2365 889 2438 profugus
904 2381 939 2421 ea
993 2364 1180 2435 conjugatam
1196 2362 1326 2436 rapuerit
1339 2367 1368 2419 et
1391 2379 1459 2420 cum
1480 2380 1515 2420 ea
1530 2363 1648 2437 sugerit,
1664 2364 1748 2445 utde'
1761 2364 1814 2421 bo-

112 2450 274 2520 oecasione,
289 2452 369 2523 quod
383 2451 454 2509 dicit
467 2454 629 2527 burgenses
642 2452 688 2509 vel
702 2453 801 2526 ipsum
812 2454 939 2526 priorem
996 2451 1113 2507 micidio
1128 2451 1362 2508 stabilimentum
1374 2451 1447 2508 uilla
1462 2456 1602 2510 servetur.

113 2608 1809 2655 m

766 2745 843 2784 ANNO
861 2743 964 2784 DOMINI
983 2743 1163 2784 occcctxm.

520 2886 1382 3054 attenuantes

731 3148 910 3206 METllNSIS
928 3144 1199 3204 SGHOLASTIGUS.

417 3440 650 3530 NOTITIA
679 3441 990 3530 HISTORICA
1020 3441 1077 3527 IN
1105 3437 1507 3528 ADALBERTUM.

690 3618 814 3689 (Fabrie.
830 3619 961 3676 eicttou.
976 3634 1045 3675 me.
1062 3619 1089 3674 et
1103 3615 1158 3693 ins.
1175 3615 1238 3688 tot.)

144 3881 330 3967 adalbertus,
346 3883 520 3972 levita,sivc
536 3885 698 3942 monachus
712 3889 741 3942 et
755 3887 902 3953 sacerdos,
918 3885 1036 3957 scripsit
1058 3885 1149 3968 florea
1173 3900 1209 3940 ex
1238 3883 1385 3968 llornltbus
1411 3884 1444 3939 a.
1469 3882 1594 3954 Gregorii
1613 3896 1695 3956 popae
1709 3883 1740 3938 in
1752 3882 1816 3951 lot,

107 3954 1345 4102 ttattttttttattentantibuslttlttuttltntttuafd“l
1371 3954 1546 4013 ΗΜ
1572 3954 1703 4012 M³‘²⁰¹²⁰
1716 3954 1818 4011 *⁰⁰⁰⁴

111 4186 378 4202 ψ

282 4340 543 4467 INCIPIT
574 4341 912 4468 PROLOGUS
942 4337 1331 4465 ADALBIIRTI
1358 4328 1635 4468 LIIVITAE

663 4573 710 4628 AD
729 4571 974 4629 HERIMANNUM
994 4570 1257 4629 PRESBITERUM

148 4721 252 4806 Inque
264 4724 414 4805 promittit
432 4723 656 4786 subnectendum
671 4724 701 4786 ei
724 4723 895 4801 opuseulum
913 4732 1086 4806 excerptum
1104 4747 1119 4779 «
1147 4688 1235 4805 quesn⁸
1263 4721 1329 4784 lilio
1356 4719 1514 4783 condente
1536 4716 1735 4783 uincantur
1749 4735 1814 4799 qua

229 4824 295 4886 que
307 4804 348 4866 B.
366 4802 526 4885 Greqom'us
541 4803 661 4886 Spiritu
673 4813 772 4866 coneto
787 4803 914 4885 afflatus
929 4803 1157 4866 luculentarum
1171 4821 1302 4864 sermone
1323 4801 1461 4864 disceruit
1473 4800 1529 4882 (l).
1541 4823 1557 4856 n

627 4963 721 5035 (Apud
737 4963 871 5033 Martem,
887 4961 1015 5023 Anoedet.
1029 4966 1102 5019 tom.
1119 4962 1142 5031 l,
1157 4977 1223 5035 pag.
1241 4960 1299 5033 at.)

146 5237 343 5295 Dilectissimo
356 5237 387 5294 in
400 5236 514 5295 Christo
528 5256 561 5295 ac
582 5239 740 5296 venerabili
760 5238 838 5296 Patri
853 5242 969 5311 nani-c
1024 5241 1138 5296 Mecum
1153 5235 1243 5310 septu
1275 5237 1409 5299 retracto,
1425 5232 1579 5289 reverende
1593 5232 1688 5303 Pater,
1699 5231 1814 5289 ereber-

109 5344 191 5385 uanc
204 5329 566 5402 presbytervoinesnrus
576 5327 761 5385 humillimus
777 5328 933 5385 levitarum
990 5328 1064 5384 rima
1084 5325 1162 5383 circa
1185 5341 1231 5381 me
1261 5320 1451 5395 benignitatis
1479 5320 1690 5395 charitatisque
1712 5323 1813 5376 vestre

109 5416 319 5489 sempiternam
334 5416 363 5472 in
379 5416 501 5472 Domino
517 5414 696 5473 felicitatem.
988 5413 1280 5489 impensabenesteia,
1298 5427 1413 5467 necnon
1429 5409 1518 5466 etiarn
1532 5412 1730 5481 suavieetque
1740 5406 1813 5464 satis

144 5551 188 5633 (1)Ι
199 5551 301 5633 Exstat
313 5551 368 5608 hoc
382 5548 558 5623 opusculum
582 5548 611 5604 tn
637 5566 693 5606 ms.
709 5549 816 5633 'codice
829 5564 930 5607 mona·
986 5547 1275 5606 annoscircitertiOO
1318 5563 1376 5631 'a
1393 5549 1484 5602 catat.
1501 5537 1812 5627 Idamsenreperissein
1902 5602 1905 5607 ,

108 5625 191 5681 etern
206 5627 301 5682 sancti
316 5621 403 5680 lllidii
425 5620 651 5694 claromontani,
668 5636 753 5693 cique
781 5621 930 5680 character
984 5637 1041 5680 ms.
1058 5620 1328 5679 Pramonetratener
1341 5621 1466 5679 testatur
1483 5614 1669 5677 Mebitlomue
1692 5614 1772 5670 tomo
1800 5611 1813 5670 l
