3876 6084
161 337 218 440 rei
619 372 807 441 narnanrr
828 370 950 439 ausc.
972 372 1119 439 vnum.
1140 372 1228 441 ora.
1250 372 1353 439 naas
1375 367 1401 437 1.
1806 362 1892 437 rea.

159 510 237 567 esset
249 504 688 582 aliquainistiselemeutis,nou
700 508 983 584 plerumquenasee-
998 511 1026 580 ,t
1040 526 1106 584 pus,
1123 514 1527 583 autquarumeunquerorum
1537 503 1720 579 quibuslibet
1729 505 1865 564 succiset

159 603 262 655 rentur
275 615 310 655 ex
325 603 412 669 terra,
429 618 493 674 que
509 599 549 657 ibi
563 600 709 658 seminata
725 616 783 655 non
802 602 910 668 essent;
932 615 983 655 nec
1038 598 1222 669 humoribus,
1239 599 1283 656 vel
1300 599 1340 656 ita
1354 597 1470 672 positis,
1493 595 1593 653 velita
1614 595 1737 663 obrutis,
1761 593 1866 653 velita

159 687 300 745 animalia
314 693 375 745 tam
387 688 490 760 multa,
506 689 587 746 nulla
600 689 727 747 marium
749 689 984 761 feminarumque
1038 688 1172 745 contritis
1187 688 1231 744 vel
1248 688 1286 743 ita
1301 685 1475 752 commistis,
1493 685 1571 759 quod
1580 686 1612 757 [l.
1628 701 1692 757 qua
1706 701 1770 741 eum
1780 684 1864 757 dap]

159 777 363 834 commistione
379 779 565 850 precedente,
576 779 675 835 sivein
690 783 777 847 terra,
790 777 886 834 sivein
895 793 983 850 aqua,
1038 776 1178 834 animalia
1187 776 1268 834 nasci
1278 774 1400 845 soleant,
1410 792 1536 849 quorum
1546 791 1578 831 se
1592 775 1727 847 quietam
1741 773 1865 831 demens

159 881 223 938 quae
239 869 338 923 tamen
352 871 499 936 crescunt,
512 870 542 923 et
556 868 687 925 coeundo
703 867 761 923 alia
776 865 903 939 pariunt,
915 882 983 921 cum
1038 867 1144 923 audeat
1159 867 1254 924 dicere
1268 862 1749 937 creatoremiouidargemirum,si
1759 879 1865 935 quem-

160 952 212 1011 illa
223 955 312 1011 nullis
327 955 499 1011 coeuntibus
515 957 686 1029 parentibus
701 960 765 1012 orta
780 956 848 1012 sint.
860 957 895 1011 Et
906 959 983 1011 corte
1038 957 1197 1013 admodum
1213 959 1310 1028 potest
1321 952 1745 1026 nossequilibetnequissimus
1760 951 1862 1020 homo,

159 1060 229 1116 apes
244 1043 357 1101 semina
373 1044 499 1101 liliorum
511 1062 568 1101 non
585 1047 715 1103 coeundo
728 1044 908 1117 concipiunt,
932 1043 982 1101 sed
1037 1046 1116 1102 unde
1131 1046 1173 1102 illi
1187 1044 1231 1102 vel
1246 1045 1288 1100 illi
1302 1060 1415 1101 vermes
1443 1058 1610 1114 muscaque
1635 1044 1807 1110 nascantur;
1823 1040 1865 1098 its

158 1135 300 1206 tauquam
311 1150 416 1207 sparsa
430 1151 481 1205 per
495 1138 589 1190 terras
604 1150 653 1190 oro
677 1134 827 1206 colligunt.
849 1131 983 1189 Invisibi·
1038 1134 1108 1192 mali
1123 1134 1219 1208 angeli
1236 1151 1288 1208 pro
1299 1131 1479 1190 sublimitate
1487 1132 1534 1187 sui
1545 1147 1651 1187 seusus
1661 1127 1866 1187 inocculticri·

158 1220 232 1278 lium
247 1222 326 1279 enim
339 1222 485 1278 seminum
499 1226 620 1290 creatur,
633 1221 695 1294 ipse
706 1225 818 1277 creator
828 1225 873 1277 est
884 1235 983 1276 rerum
1037 1225 1093 1282 bus
1107 1222 1318 1280 clementorum
1334 1220 1499 1278 seminibus
1510 1219 1619 1287 norint,
1636 1219 1866 1276 underanasscr-

158 1310 303 1379 omnium;
319 1310 458 1384 quoniam
475 1327 655 1384 quacunque
668 1311 815 1367 nascendo
830 1314 936 1367 exeunt
945 1309 981 1365 ad
1037 1316 1197 1386 pontesque
1213 1313 1414 1378 nascantur,ot
1426 1308 1642 1382 hacpcrcertas
1653 1311 1682 1363 et
1697 1311 1781 1364 notas
1790 1312 1865 1365 tem·

160 1399 260 1456 oculos
275 1399 575 1466 nostros,exoccultis
587 1400 751 1457 seminibus
761 1399 983 1472 accipiuntprc·
1036 1401 1222 1474 perationum
1238 1398 1470 1474 opportunitates
1485 1395 1607 1455 occultis
1634 1394 1765 1453 motibus
1778 1395 1866 1454 adhi-

159 1488 309 1563 gredieudi
324 1488 983 1562 primordia,etincrcrrrentadebitaemagnitu-
1037 1491 1131 1547 bendo
1147 1491 1258 1546 iaciunt
1273 1488 1375 1556 creari,
1392 1504 1451 1543 non
1467 1489 1581 1544 creant?
1594 1485 1648 1542 Sed
1661 1485 1712 1542 illa
1726 1484 1863 1543 homines

159 1576 246 1648 diuis,
263 1576 523 1651 distinctionesque
547 1579 708 1634 formarum
732 1576 769 1634 ab
791 1576 983 1650 originalibus
1037 1595 1102 1651 qua
1117 1578 1212 1634 solent
1226 1578 1262 1633 ab
1278 1576 1448 1632 bominibus
1462 1574 1525 1631 fieri
1541 1591 1600 1630 non
1611 1574 1767 1631 mirantur.
1779 1572 1863 1640 cuod

158 1664 776 1742 tanquamregulissumuntsicutergonec
789 1671 926 1739 parentes
937 1665 984 1721 di·
1037 1667 1062 1724 si
1076 1667 1234 1739 quisquam
1251 1665 1411 1722 celeritates
1425 1663 1635 1720 elementorum
1646 1663 1703 1737 (27)
1719 1663 1794 1721 forts
1805 1663 1865 1720 mi-

159 1755 254 1814 cimus
268 1759 413 1812 creatores
428 1756 649 1814 hominumuec
673 1754 816 1830 agricolas
839 1758 982 1811 creatores
1037 1761 1119 1812 ratur
1134 1755 1212 1828 quod
1227 1752 1662 1811 illuauimantiatamcitofacta
1673 1755 1754 1822 sunt3
1766 1755 1862 1810 asten-

159 1844 730 1919 irugumquamvisillorumextrinsecus
742 1843 881 1901 adbibitrs
893 1842 984 1900 moti·
1038 1846 1098 1912 dat,
1115 1845 1365 1918 quemadmodum
1380 1847 1408 1899 ct
1423 1842 1490 1910 ista,
1507 1858 1559 1915 pro
1572 1840 1693 1897 modulo
1713 1840 1862 1899 facultatis

158 1931 477 2002 bus,is,tacreaudaDei
487 1933 580 1989 virtus
591 1933 713 1989 interius
724 1932 913 2005 operetur:itu
926 1948 982 1987 non
1038 1935 1185 2002 humanat,
1203 1935 1239 1990 ab
1255 1931 1426 1989 homiuibus
1441 1928 1864 2005 procurentur.Undeenimiit

159 2019 254 2076 solum
261 2019 425 2089 malos,sed
433 2021 711 2095 necbonosangelos
718 2022 812 2077 fasost
818 2021 913 2095 putari
921 2037 982 2077 cre·
1037 2028 1070 2079 ut
1084 2041 1119 2079 ea
1131 2040 1254 2097 corpora
1270 2021 1327 2094 (28)
1339 2022 1427 2079 citius
1442 2023 1633 2078 vermescant·
1648 2022 1748 2077 astate
1771 2035 1862 2093 quam

160 2110 380 2183 atores,sedpro
391 2108 552 2171 subtilitate
563 2111 618 2182 (26)
630 2111 675 2166 sui
687 2114 828 2166 sensuset
840 2109 981 2182 corporis,
1037 2112 1143 2182 bieme;
1157 2112 1243 2170 citius
1258 2113 1287 2168 in
1303 2109 1492 2168 calidioribus
1505 2126 1595 2184 quam
1610 2108 1639 2164 in
1661 2106 1862 2183 frigidioribus

161 2197 365 2256 seminanobis
375 2198 499 2256 istarum
513 2216 611 2256 rerum
624 2198 943 2266 occultiornnoverunt,
954 2203 983 2255 et
1036 2200 1123 2259 lucis?
1137 2204 1193 2260 Sed
1209 2203 1269 2259 bec
1286 2202 1321 2258 ab
1332 2201 1502 2258 hominibus
1516 2203 1597 2256 tanto
1612 2196 1763 2255 difficilius
1778 2195 1863 2255 adhi-

159 2288 849 2362 capercongruastempcrationeselementorum
861 2288 983 2345 latenter
1037 2292 1154 2357 bentur,
1171 2295 1279 2364 quanto
1295 2291 1402 2347 desunt
1415 2286 1864 2353 sensuumsubtilitutea,ctcor·

160 2376 982 2452 spargunt,atqueitagignendarumrerumetacceleran·
1037 2396 1141 2454 porum
1158 2379 1334 2438 mobilitates
1348 2378 1378 2434 in
1404 2377 1544 2434 membris
1566 2375 1689 2433 terrenis
1712 2379 1743 2433 et
1757 2374 1863 2450 pigris.

159 2464 516 2523 dorumiucrementorum
532 2468 662 2540 probent
678 2466 983 2524 occasiones.Sednec
1036 2469 1119 2527 Unde
1142 2468 1399 2542 qualibuscunque
1422 2465 1535 2540 augelis
1558 2466 1669 2523 vicinas
1696 2481 1801 2522 causas
1822 2464 1862 2522 ab

159 2553 229 2613 boni
239 2553 311 2610 hac.
327 2553 384 2612 nisi
399 2560 545 2627 quantum
560 2559 636 2612 Deus
647 2555 742 2628 jubet,
759 2572 810 2612 uec
836 2553 906 2611 mali
921 2553 982 2610 brec
1036 2557 1189 2616 elementis
1199 2557 1370 2615 contrahere
1378 2560 1487 2629 quante
1496 2553 1674 2621 faciliusest,
1683 2557 1764 2610 tanto
1776 2552 1863 2610 mira·

159 2642 270 2716 injusto
285 2643 406 2712 faciunt,
423 2643 480 2701 nisi
495 2649 641 2717 quantum
652 2645 734 2716 juste
748 2643 812 2717 ipse
826 2642 981 2717 permittit·
1036 2647 1154 2704 biliores
1167 2647 1198 2703 in
1207 2646 1378 2720 hujusmodi
1388 2644 1527 2719 operibus
1535 2658 1636 2700 eorum
1646 2641 1778 2699 existunt
1788 2638 1863 2699 ccle-

158 2731 233 2787 Nam
262 2731 357 2804 iniqui
386 2733 498 2789 malitia
521 2733 700 2790 voluntatem
724 2732 813 2789 babet
839 2733 996 2805 injustam,
1036 2737 1148 2793 mentes.
1164 2736 1219 2792 sed
1235 2738 1489 2799 nonestereator,
1511 2731 1636 2805 nisiqui
1660 2728 1863 2803 principaliter

160 2836 255 2888 suam;
272 2824 444 2893 potestatem
459 2826 558 2878 autem
571 2822 697 2877 nonnisi
708 2822 789 2894 juste
804 2819 983 2894 accipit,sive
1036 2823 1093 2880 ista
1108 2824 1224 2894 format;
1235 2823 1453 2896 necquicquam
1465 2822 1520 2878 hoc
1532 2820 1694 2894 potestnisi
1706 2818 1755 2877 ille
1770 2835 1860 2893 penes

160 2908 196 2964 ad
213 2925 297 2964 suam
312 2926 439 2982 prunam,
452 2909 510 2966 sive
521 2911 557 2965 ad
573 2909 697 2966 aliorum
711 2909 754 2966 vel
766 2925 881 2983 poenam
893 2906 984 2966 malo·
1037 2929 1125 2985 quern
1140 2912 1277 2986 primitus
1294 2917 1373 2978 suut,
1390 2910 1522 2968 omnium
1535 2927 1599 2984 qua
1615 2913 1686 2966 sunt
1702 2924 1861 2982 mensure,

160 3013 237 3066 rum,
253 2998 297 3054 vel
313 2996 429 3055 laudem
444 2998 599 3056 bonorum.
617 3021 630 3049 »
1037 3002 1152 3059 numeri
1165 3003 1341 3074 etpondera;
1351 3006 1379 3058 et
1395 3001 1510 3073 ipseest
1520 3016 1597 3056 uuus
1611 2998 1863 3069 ereaurbsusex

195 3086 223 3141 9.
241 3087 373 3161 Itemque
388 3093 454 3162 post
468 3104 572 3161 pauca:
589 3088 625 3163 (c.
641 3088 669 3161 9)
687 3088 792 3145 «Aliud
809 3092 864 3160 est,
875 3087 981 3160 inquit,
1037 3092 1122 3164 cujus
1134 3089 1274 3148 ineffabili
1288 3093 1438 3164 potentatu
1455 3087 1638 3156 fatetiam,ut
1651 3086 1729 3160 quod
1740 3087 1863 3159 possent

99 3202 103 3212 «
159 3175 982 3249 exintimoacsummocausarumcardineconderoatque
1036 3180 1066 3237 hi
1084 3178 1189 3254 angeli,
1206 3179 1230 3236 si
1241 3179 1490 3254 permitterentur,
1506 3177 1571 3234 ideo
1582 3176 1776 3249 nonpossint,
1789 3170 1871 3249 quin¹

160 3264 368 3323 administrare
382 3266 637 3340 creaturamtpuod
653 3266 723 3340 quid
734 3264 983 3335 facitsoluscrea-
999 3254 1022 3322 G
1039 3286 1098 3325 non
1113 3268 1333 3342 permittuntur.
1349 3269 1448 3341 Neque
1460 3266 1539 3323 enim
1555 3265 1680 3323 occurrit
1704 3262 1863 3334 alteratio,

159 3358 206 3410 tor
219 3358 263 3410 est
279 3359 365 3422 Deus;
382 3354 461 3411 aliud
489 3360 587 3412 autem
601 3373 654 3428 pro
679 3355 846 3412 distributis
868 3357 905 3412 ab
934 3353 984 3411 illo
1039 3375 1091 3415 cur
1104 3375 1162 3415 non
1177 3357 1326 3430 potuerint
1337 3357 1430 3414 facere
1445 3354 1662 3412 munitissimas
1670 3369 1799 3422 muscas,
1810 3351 1864 3426 qui

158 3441 271 3499 viribus
279 3446 308 3499 et
314 3443 502 3500 facultatibus
515 3443 645 3516 aliquam
656 3445 853 3518 operationem
861 3444 984 3501 forinso-
1038 3463 1125 3504 ranas
1139 3447 1498 3520 serpentesquleecerunt,
1513 3443 1568 3499 nisi
1580 3442 1752 3516 quiamajor
1760 3441 1865 3500 aderat

160 3549 213 3589 cus
225 3533 389 3602 admovere,
404 3537 437 3590 ut
451 3538 521 3590 tuuc
535 3533 580 3590 vel
596 3538 676 3601 tunc,
702 3533 743 3590 sic
756 3534 799 3591 vel
826 3532 867 3590 sic
892 3536 983 3603 exeat,
1038 3536 1198 3593 dominatio
1214 3535 1396 3608 prohibentis
1412 3533 1462 3590 Dei
1477 3550 1530 3606 per
1543 3531 1681 3606 spiritum
1691 3546 1781 3587 suum
1792 3530 1862 3604 (29);

159 3622 237 3696 quod
253 3626 377 3679 creatur.
394 3623 454 3679 Ista
467 3621 986 3698 quippeoriginaliteracprimcrdia·
1039 3626 1117 3700 quod
1134 3625 1221 3682 etiarn
1237 3623 1293 3697 ipsi
1309 3623 1388 3696 magi
1403 3621 1527 3680 confessi
1544 3619 1773 3689 suntdiceutes:
1786 3619 1866 3693 bipi-

160 3709 227 3767 liter
241 3711 271 3767 in
287 3713 422 3783 quedam
437 3715 553 3769 textura
567 3711 780 3769 elementorum
794 3717 902 3770 cnucta
919 3713 984 3786 jam
1038 3719 1081 3770 tus
1097 3713 1319 3771 solicitabat
1335 3711 1495 3786 (Exodvur,
1512 3709 1568 3782 (9).
1584 3709 1770 3776 Quidautem
1794 3723 1865 3782 pos-

160 3803 257 3867 creata
271 3802 351 3868 sunt,
364 3801 983 3875 sedacceptisopportunitatibusprodeunt.
1039 3803 1100 3859 siut
1114 3819 1167 3876 per
1180 3806 1382 3858 naturamnec
1398 3800 1513 3873 possint
1527 3816 1580 3872 por
1594 3795 1866 3872 prohibitionem,et

160 3889 212 3945 19
227 3888 300 3944 Nam
316 3887 393 3944 sicut
408 3892 517 3945 matres
545 3893 614 3946 sunt
643 3889 767 3962 gravida
792 3890 913 3956 fetibus,
942 3888 985 3945 sic
1040 3891 1109 3964 quid
1125 3907 1176 3963 per
1189 3888 1284 3964 ipsius
1299 3895 1409 3946 natura
1419 3887 1686 3946 sueconditionem
1700 3886 1866 3943 facerenou

161 3976 224 4049 ipse
239 3975 369 4032 mundus
384 3976 522 4050 gravidus
537 3983 583 4033 est
597 3977 694 4036 causis
706 3978 901 4046 nascentium,
921 3994 985 4050 quae
1039 3979 1183 4047 sinuntur,
1200 3979 1312 4035 homini
1328 3976 1478 4051 explorare
1492 3975 1611 4033 difficile
1634 3979 1689 4044 est,
1715 3975 1776 4032 imo
1796 3990 1866 4033 vero

65 4098 71 4103 -
161 4063 192 4120 in
208 4063 260 4120 ilio
274 4080 332 4121 uon
347 4067 493 4133 creantur,
510 4064 567 4122 nisi
582 4066 619 4123 ab
633 4063 684 4122 illa
705 4083 822 4122 summa
846 4066 983 4137 essentia,
1038 4067 1230 4141 impossibile,
1248 4065 1571 4140 uisiperilluddonum
1582 4064 1868 4137 Datquoddposto-

162 4152 213 4210 ubi
229 4168 281 4209 uec
296 4152 429 4209 moritur.
447 4169 500 4210 nec
511 4154 643 4211 nascitur
667 4154 789 4227 aliquid,
806 4172 859 4212 nec
882 4155 986 4229 incipit
1039 4156 1086 4214 lus
1101 4161 1311 4213 commemorat
1325 4156 1434 4212 dicens:
1451 4155 1509 4212 Atii
1530 4154 1692 4228 dejudicotio
1713 4154 1867 4225 spirituum

161 4257 237 4312 esse,
254 4258 306 4299 neo
322 4241 438 4300 desinit.
449 4242 697 4301 Adhibereautem
708 4242 871 4302 forinsecus
881 4260 985 4301 causas
1039 4246 1137 4320 (ider.
1159 4263 1209 4315 xu,
1241 4246 1295 4319 10).
1324 4244 1465 4301 Novimus
1494 4243 1578 4313 enim,
1602 4241 1752 4300 bominem
1778 4257 1867 4316 posse

162 4331 336 4401 accidentes,
352 4349 416 4405 quae
432 4333 551 4389 tametsi
566 4349 624 4390 non
640 4336 709 4388 suut
719 4332 878 4401 naturales,
887 4337 986 4390 tamen
1039 4334 1199 4403 ambulare,
1216 4339 1244 4391 et
1276 4349 1370 4407 neque
1393 4332 1447 4389 hoc
1475 4348 1562 4406 posse
1578 4331 1636 4388 nisi
1664 4330 1865 4405 permittatur3

162 4421 325 4479 secundum
341 4426 477 4479 naturam
495 4421 682 4491 adhibentur,
699 4425 732 4478 ut
747 4438 781 4479 aa
796 4439 859 4495 qua
874 4427 985 4480 secreto
1038 4423 1136 4482 volare
1151 4427 1247 4481 autem
1265 4440 1322 4482 uon
1339 4439 1425 4497 posse
1436 4421 1523 4478 etiam
1540 4420 1564 4476 si
1573 4418 1770 4494 permittatur.
1780 4418 1867 4476 Sicet
1896 4486 1900 4495 Ι

161 4515 273 4567 natura
282 4511 350 4567 sinu
364 4511 463 4568 abditu
471 4510 667 4580 continentur,
679 4512 988 4585 erumpuntquodam·
1039 4512 1081 4571 illi
1093 4509 1188 4587 angeli
1204 4514 1339 4586 quasdam
1355 4514 1480 4585 possunt
1495 4510 1599 4576 facere,
1615 4508 1640 4565 si
1655 4506 1869 4581 permittantur

162 4601 260 4667 modo,
276 4603 304 4656 et
318 4599 389 4657 foris
407 4606 552 4668 creentur,
577 4599 748 4673 explicando
771 4617 937 4668 mensuras,
958 4605 987 4658 et
1000 4623 1025 4690 D
1039 4603 1076 4660 ab
1089 4601 1202 4676 angelis
1217 4600 1431 4674 potentioribus
1445 4616 1479 4655 ex
1494 4597 1617 4670 imperio
1640 4597 1701 4665 Dei3
1729 4595 1867 4671 quedam

163 4690 482 4761 numeros,etpondera
496 4706 551 4746 sua
565 4705 631 4763 quae
642 4689 672 4745 in
685 4688 797 4746 occulto
812 4695 987 4764 acceperunt
1040 4708 1107 4749 vero
1123 4709 1181 4748 non
1197 4693 1331 4764 possunt,
1347 4704 1399 4744 uec
1415 4688 1439 4744 si
1455 4687 1491 4742 ab
1506 4687 1549 4742 eis
1565 4685 1783 4758 permittantur,
1795 4683 1868 4758 quic

163 4776 200 4832 ab
215 4776 276 4845 illo,
293 4776 344 4849 qui
359 4777 642 4835 omniainmensura
656 4780 987 4853 etnumeroetpondere
1041 4781 1090 4838 ill‘e
1105 4798 1164 4837 non
1178 4778 1350 4853 permittita
1363 4772 1610 4850 quoillisesttalis
1623 4777 1733 4830 natura
1745 4771 1866 4841 modus,

163 4864 310 4939 disposuit
324 4864 395 4938 (cap.
408 4883 437 4933 u,
447 4870 506 4937 21),
526 4883 584 4924 non
608 4867 704 4924 solum
721 4867 790 4924 mali
813 4867 919 4942 augeli,
936 4869 986 4925 sed
1042 4870 1092 4943 qui
1108 4869 1195 4926 etiam
1212 4884 1263 4941 per
1274 4866 1393 4941 angelos
1408 4881 1478 4922 suos
1493 4868 1521 4920 et
1537 4863 1587 4920 illa
1608 4861 1783 4937 plerumque
1805 4877 1868 4920 nou

163 4955 251 5011 etiam
267 4953 480 5012 malibomines
490 4959 625 5030 possunt,
636 4955 851 5030 sicutexemplo
865 4955 988 5030 agricul-
1042 4957 1193 5032 permittit,
1210 4974 1274 5030 qua
1289 4953 1434 5014 concessit
1449 4960 1481 5010 ut
1492 4954 1616 5027 possint.
1632 4952 1766 5027 Exceptis
1775 4949 1870 5025 igitur

163 5046 236 5100 tura
250 5060 341 5119 supra
355 5044 451 5101 docui.
464 5045 521 5101 Sed
532 5062 584 5101 nec
599 5045 635 5102 de
649 5043 828 5102 animalibus
844 5046 928 5118 quasi
942 5046 986 5102 di·
1040 5040 1754 5119 illisqueusitatissimotranscursutemporumin
1766 5056 1868 5098 rarum

162 5147 247 5189 versa
260 5133 335 5190 ratic
351 5137 474 5201 moveat,
504 5135 582 5206 quod
610 5133 739 5191 habeant
760 5133 897 5208 spiritum
919 5134 984 5192 vita
1040 5139 1150 5192 natura
1163 5135 1264 5192 ordine
1279 5131 1467 5206 corporaliter
1481 5131 1566 5199 fiunt,
1582 5128 1670 5186 sicuti
1689 5131 1760 5187 sunt
1783 5132 1868 5186 ortus

164 5237 232 5277 cum
241 5237 329 5300 sensu
338 5223 504 5297 appetendi,
518 5224 751 5296 quesecundum
760 5228 896 5280 naturam
905 5227 985 5293 sunt,
1041 5240 1221 5298 occasusque
1234 5218 1579 5295 siderum,generationes
1594 5223 1623 5275 ot
1633 5222 1742 5275 mortes
1751 5215 1869 5274 auima-

163 5309 333 5384 vitandique
352 5312 507 5381 contraria;
524 5312 612 5368 etiam
636 5312 691 5369 hoc
706 5316 751 5368 est
775 5313 873 5370 videre
897 5330 986 5386 quam
1041 5313 1126 5381 lium,
1142 5305 1867 5384 seminumetgerminuminnumerabilesdiversi·

165 5397 251 5455 multi
266 5400 401 5457 homines
416 5401 818 5474 noverint‚enquibusherbis
829 5404 882 5458 aut
892 5402 986 5457 carni·
1041 5407 1126 5470 tates,
1142 5401 1253 5459 nebule
1270 5404 1299 5457 et
1314 5400 1417 5466 nubes,
1434 5397 1515 5455 nives
1530 5401 1559 5452 et
1571 5395 1686 5471 pluvie,
1703 5394 1822 5469 fulgura
1839 5397 1870 5454 ct

201 5523 256 5597 (26)
272 5524 337 5581 Hac
348 5522 433 5582 lectio
447 5526 563 5582 videtur
576 5525 680 5583 melior
694 5542 783 5598 quam
806 5525 836 5582 in
859 5526 987 5600 vulgatis
1058 5524 1061 5529 ’
1076 5526 1133 5596 (28)
1147 5526 1232 5598 Apud
1248 5523 1387 5581 eumdem
1398 5522 1596 5597 augustinum
1609 5522 1703 5580 coaem
1717 5537 1842 5596 corporo.

165 5594 373 5723 duppstiuigai
382 5598 608 5681 procabtititata
911 5638 914 5644 -
1078 5595 1136 5670 (29)
1148 5596 1234 5671 Apud
1248 5594 1385 5653 eumdem
1399 5610 1448 5666 per
1462 5593 1597 5667 Spiritum
1609 5596 1744 5650 madum.

203 5667 212 5741 (
250 5667 259 5741 )
274 5666 379 5727 idebus
391 5669 470 5743 apud
484 5672 694 5744 augustinum,
707 5677 947 5738 sacramentorum.
1500 5727 1502 5732 ,
