<?xml version="1.0" encoding="UTF-8"?>
<!DOCTYPE html PUBLIC "-//W3C//DTD XHTML 1.0 Transitional//EN"
    "http://www.w3.org/TR/xhtml1/DTD/xhtml1-transitional.dtd">
<html xmlns="http://www.w3.org/1999/xhtml" xml:lang="en" lang="en">
 <head>
  <title>
</title>
<meta http-equiv="Content-Type" content="text/html;charset=utf-8" />
  <meta name='ocr-system' content='tesseract 3.04.00' />
  <meta name='ocr-capabilities' content='ocr_page ocr_carea ocr_par ocr_line ocrx_word'/>
</head>
<body>
  <div class='ocr_page' id='page_1' title='image "./patrologiaecurs89unkngoog_0452.png"; bbox 0 0 3892 6090; ppageno 0'>
   <div class='ocr_carea' id='block_1_1' title="bbox 122 284 1825 364">
    <p class='ocr_par' dir='ltr' id='par_1_1' title="bbox 122 284 1825 364">
     <span class='ocr_line' id='line_1_1' title="bbox 122 284 1825 364; baseline 0.005 -12"><span class='ocrx_word' id='word_1_1' title='bbox 122 284 185 353; x_wconf 75' lang='grc'>803</span> <span class='ocrx_word' id='word_1_2' title='bbox 593 289 904 360; x_wconf 77' lang='lat' dir='ltr'>stuteonosuos</span> <span class='ocrx_word' id='word_1_3' title='bbox 925 291 1030 362; x_wconf 76' lang='lat' dir='ltr'>albat</span> <span class='ocrx_word' id='word_1_4' title='bbox 1052 298 1139 362; x_wconf 81' lang='lat' dir='ltr'><strong>SEX.</strong></span> <span class='ocrx_word' id='word_1_5' title='bbox 1155 298 1282 364; x_wconf 53' lang='lat' dir='ltr'>autu.</span> <span class='ocrx_word' id='word_1_6' title='bbox 1304 297 1360 364; x_wconf 88' lang='lat' dir='ltr'>lll.</span> <span class='ocrx_word' id='word_1_7' title='bbox 1765 292 1825 362; x_wconf 81' lang='lat' dir='ltr'>act</span> 
     </span>
    </p>
   </div>
   <div class='ocr_carea' id='block_1_2' title="bbox 124 423 1825 597">
    <p class='ocr_par' dir='ltr' id='par_1_2' title="bbox 124 423 1825 597">
     <span class='ocr_line' id='line_1_2' title="bbox 124 423 1823 508; baseline 0.001 -26"><span class='ocrx_word' id='word_1_8' title='bbox 124 423 210 482; x_wconf 85' lang='lat' dir='ltr'>aliter</span> <span class='ocrx_word' id='word_1_9' title='bbox 224 438 311 496; x_wconf 90' lang='lat' dir='ltr'>posse</span> <span class='ocrx_word' id='word_1_10' title='bbox 325 423 388 481; x_wconf 90' lang='lat' dir='ltr'>tteri</span> <span class='ocrx_word' id='word_1_11' title='bbox 403 426 578 497; x_wconf 78' lang='lat' dir='ltr'><strong>testabatur,</strong></span> <span class='ocrx_word' id='word_1_12' title='bbox 592 427 721 486; x_wconf 90' lang='lat' dir='ltr'>nisieam</span> <span class='ocrx_word' id='word_1_13' title='bbox 732 445 782 487; x_wconf 86' lang='lat' dir='ltr'>rex</span> <span class='ocrx_word' id='word_1_14' title='bbox 796 429 879 504; x_wconf 88' lang='lat' dir='ltr'>Hugo</span> <span class='ocrx_word' id='word_1_15' title='bbox 892 430 949 488; x_wconf 85' lang='lat' dir='ltr'>sibi</span> <span class='ocrx_word' id='word_1_16' title='bbox 962 432 992 499; x_wconf 75' lang='lat' dir='ltr'>A</span> <span class='ocrx_word' id='word_1_17' title='bbox 1005 432 1147 490; x_wconf 79' lang='lat' dir='ltr'>creditis?</span> <span class='ocrx_word' id='word_1_18' title='bbox 1161 436 1205 490; x_wconf 83' lang='lat' dir='ltr'>An</span> <span class='ocrx_word' id='word_1_19' title='bbox 1220 432 1462 508; x_wconf 79' lang='lat' dir='ltr'>Burgundionum</span> <span class='ocrx_word' id='word_1_20' title='bbox 1477 427 1665 488; x_wconf 77' lang='lat' dir='ltr'><strong>voracitatem</strong></span> <span class='ocrx_word' id='word_1_21' title='bbox 1680 432 1709 485; x_wconf 90' lang='lat' dir='ltr'>et</span> <span class='ocrx_word' id='word_1_22' title='bbox 1724 445 1823 501; x_wconf 89' lang='lat' dir='ltr'>super-</span> 
     </span>
     <span class='ocr_line' id='line_1_3' title="bbox 124 511 1825 597; baseline 0.003 -28"><span class='ocrx_word' id='word_1_23' title='bbox 124 511 264 569; x_wconf 90' lang='lat' dir='ltr'>maritem</span> <span class='ocrx_word' id='word_1_24' title='bbox 279 511 395 570; x_wconf 87' lang='lat' dir='ltr'>laceret.</span> <span class='ocrx_word' id='word_1_25' title='bbox 1003 521 1082 578; x_wconf 89' lang='lat' dir='ltr'>biam</span> <span class='ocrx_word' id='word_1_26' title='bbox 1099 523 1266 597; x_wconf 73' lang='lat' dir='ltr'>ignoratis?</span> <span class='ocrx_word' id='word_1_27' title='bbox 1293 524 1390 597; x_wconf 88' lang='lat' dir='ltr'>Ipsam</span> <span class='ocrx_word' id='word_1_28' title='bbox 1406 521 1509 579; x_wconf 89' lang='lat' dir='ltr'>saltem</span> <span class='ocrx_word' id='word_1_29' title='bbox 1535 517 1664 577; x_wconf 92' lang='lat' dir='ltr'>nominis</span> <span class='ocrx_word' id='word_1_30' title='bbox 1692 517 1825 574; x_wconf 90' lang='lat' dir='ltr'>etimolo-</span> 
     </span>
    </p>
   </div>
   <div class='ocr_carea' id='block_1_3' title="bbox 111 607 1828 5122">
    <p class='ocr_par' dir='ltr' id='par_1_3' title="bbox 117 607 1828 2282">
     <span class='ocr_line' id='line_1_4' title="bbox 484 607 1827 707; baseline -0.006 -37"><span class='ocrx_word' id='word_1_31' title='bbox 484 650 580 707; x_wconf 40' lang='grc' dir='ltr'>νωμᾶ</span> <span class='ocrx_word' id='word_1_32' title='bbox 1002 612 1081 686; x_wconf 89' lang='lat' dir='ltr'>giam</span> <span class='ocrx_word' id='word_1_33' title='bbox 1097 613 1131 648; x_wconf 70' lang='lat'>¹⁸2</span> <span class='ocrx_word' id='word_1_34' title='bbox 1145 613 1299 686; x_wconf 85' lang='lat' dir='ltr'>dispicite:</span> <span class='ocrx_word' id='word_1_35' title='bbox 1316 611 1541 686; x_wconf 80' lang='lat' dir='ltr'>Burgundiones</span> <span class='ocrx_word' id='word_1_36' title='bbox 1556 610 1622 667; x_wconf 89' lang='lat' dir='ltr'>ideo</span> <span class='ocrx_word' id='word_1_37' title='bbox 1634 607 1739 679; x_wconf 91' lang='lat' dir='ltr'>dictos,</span> <span class='ocrx_word' id='word_1_38' title='bbox 1753 622 1827 680; x_wconf 86' lang='lat' dir='ltr'>quo·</span> 
     </span>
     <span class='ocr_line' id='line_1_5' title="bbox 582 693 1828 774; baseline -0.005 -16"><span class='ocrx_word' id='word_1_39' title='bbox 582 693 590 707; x_wconf 66' lang='lat'>⁶</span> <span class='ocrx_word' id='word_1_40' title='bbox 1003 700 1083 757; x_wconf 93' lang='lat' dir='ltr'>niam</span> <span class='ocrx_word' id='word_1_41' title='bbox 1098 702 1169 758; x_wconf 90' lang='lat' dir='ltr'>dum</span> <span class='ocrx_word' id='word_1_42' title='bbox 1182 702 1316 769; x_wconf 88' lang='lat' dir='ltr'>Romani,</span> <span class='ocrx_word' id='word_1_43' title='bbox 1332 702 1403 758; x_wconf 93' lang='lat' dir='ltr'>orbe</span> <span class='ocrx_word' id='word_1_44' title='bbox 1422 700 1546 769; x_wconf 90' lang='lat' dir='ltr'>devicto,</span> <span class='ocrx_word' id='word_1_45' title='bbox 1563 717 1597 756; x_wconf 83' lang='lat' dir='ltr'>ex</span> <span class='ocrx_word' id='word_1_46' title='bbox 1611 702 1697 774; x_wconf 91' lang='lat' dir='ltr'>gente</span> <span class='ocrx_word' id='word_1_47' title='bbox 1712 697 1768 753; x_wconf 90' lang='lat' dir='ltr'>hae</span> <span class='ocrx_word' id='word_1_48' title='bbox 1782 713 1828 753; x_wconf 91' lang='lat' dir='ltr'>ea·</span> 
     </span>
     <span class='ocr_line' id='line_1_6' title="bbox 122 780 1827 863; baseline 0.002 -25"><span class='ocrx_word' id='word_1_49' title='bbox 122 780 198 848; x_wconf 84' lang='lat' dir='ltr'>Ouid</span> <span class='ocrx_word' id='word_1_50' title='bbox 213 780 327 837; x_wconf 86' lang='lat' dir='ltr'>veneris</span> <span class='ocrx_word' id='word_1_51' title='bbox 343 781 456 840; x_wconf 76' lang='lat' dir='ltr'>facibus</span> <span class='ocrx_word' id='word_1_52' title='bbox 470 784 623 858; x_wconf 89' lang='lat' dir='ltr'>compulsa</span> <span class='ocrx_word' id='word_1_53' title='bbox 638 786 764 844; x_wconf 82' lang='lat' dir='ltr'>Maronia</span> <span class='ocrx_word' id='word_1_54' title='bbox 778 788 882 845; x_wconf 79' lang='lat' dir='ltr'>sevis?</span> <span class='ocrx_word' id='word_1_55' title='bbox 1002 790 1096 863; x_wconf 85' lang='lat' dir='ltr'>ptivos</span> <span class='ocrx_word' id='word_1_56' title='bbox 1110 791 1251 848; x_wconf 81' lang='lat' dir='ltr'>ducerent</span> <span class='ocrx_word' id='word_1_57' title='bbox 1264 789 1385 862; x_wconf 91' lang='lat' dir='ltr'>multos,</span> <span class='ocrx_word' id='word_1_58' title='bbox 1402 789 1618 847; x_wconf 90' lang='lat' dir='ltr'>constituerunt</span> <span class='ocrx_word' id='word_1_59' title='bbox 1633 787 1676 845; x_wconf 90' lang='lat' dir='ltr'>eis</span> <span class='ocrx_word' id='word_1_60' title='bbox 1698 791 1730 843; x_wconf 93' lang='lat' dir='ltr'>ut</span> <span class='ocrx_word' id='word_1_61' title='bbox 1745 789 1827 843; x_wconf 88' lang='lat' dir='ltr'>extra</span> 
     </span>
     <span class='ocr_line' id='line_1_7' title="bbox 122 869 1825 950; baseline 0.001 -21"><span class='ocrx_word' id='word_1_62' title='bbox 122 869 263 944; x_wconf 87' lang='lat' dir='ltr'>Conjugis</span> <span class='ocrx_word' id='word_1_63' title='bbox 276 887 342 928; x_wconf 91' lang='lat' dir='ltr'>ecce</span> <span class='ocrx_word' id='word_1_64' title='bbox 356 872 398 928; x_wconf 90' lang='lat' dir='ltr'>tui</span> <span class='ocrx_word' id='word_1_65' title='bbox 415 877 529 945; x_wconf 89' lang='lat' dir='ltr'>spectas</span> <span class='ocrx_word' id='word_1_66' title='bbox 543 879 575 931; x_wconf 92' lang='lat' dir='ltr'>tu</span> <span class='ocrx_word' id='word_1_67' title='bbox 591 876 692 932; x_wconf 88' lang='lat' dir='ltr'>suevia</span> <span class='ocrx_word' id='word_1_68' title='bbox 706 876 816 942; x_wconf 85' lang='lat' dir='ltr'>fratris,</span> <span class='ocrx_word' id='word_1_69' title='bbox 1002 879 1105 935; x_wconf 91' lang='lat' dir='ltr'>urbem</span> <span class='ocrx_word' id='word_1_70' title='bbox 1120 880 1224 937; x_wconf 90' lang='lat' dir='ltr'>domos</span> <span class='ocrx_word' id='word_1_71' title='bbox 1237 880 1292 937; x_wconf 90' lang='lat' dir='ltr'>sibi</span> <span class='ocrx_word' id='word_1_72' title='bbox 1309 878 1515 945; x_wconf 82' lang='lat' dir='ltr'>sustollerent3</span> <span class='ocrx_word' id='word_1_73' title='bbox 1532 895 1548 933; x_wconf 91' lang='lat' dir='ltr'>a</span> <span class='ocrx_word' id='word_1_74' title='bbox 1563 877 1671 949; x_wconf 89' lang='lat' dir='ltr'>quibus</span> <span class='ocrx_word' id='word_1_75' title='bbox 1685 881 1714 933; x_wconf 89' lang='lat' dir='ltr'>et</span> <span class='ocrx_word' id='word_1_76' title='bbox 1737 874 1825 950; x_wconf 93' lang='lat' dir='ltr'>paulo</span> 
     </span>
     <span class='ocr_line' id='line_1_8' title="bbox 121 960 1826 1041; baseline 0.002 -23"><span class='ocrx_word' id='word_1_77' title='bbox 121 960 238 1018; x_wconf 89' lang='lat' dir='ltr'>Nubere</span> <span class='ocrx_word' id='word_1_78' title='bbox 253 960 401 1033; x_wconf 90' lang='lat' dir='ltr'>germanis</span> <span class='ocrx_word' id='word_1_79' title='bbox 415 966 552 1036; x_wconf 80' lang='lat' dir='ltr'>satagens</span> <span class='ocrx_word' id='word_1_80' title='bbox 567 963 693 1022; x_wconf 89' lang='lat' dir='ltr'>Herodia</span> <span class='ocrx_word' id='word_1_81' title='bbox 707 965 833 1033; x_wconf 89' lang='lat' dir='ltr'>duobus,</span> <span class='ocrx_word' id='word_1_82' title='bbox 1001 972 1095 1041; x_wconf 91' lang='lat' dir='ltr'>poste</span> <span class='ocrx_word' id='word_1_83' title='bbox 1109 968 1249 1025; x_wconf 86' lang='lat' dir='ltr'>Romanis</span> <span class='ocrx_word' id='word_1_84' title='bbox 1260 969 1296 1024; x_wconf 95' lang='lat' dir='ltr'>ob</span> <span class='ocrx_word' id='word_1_85' title='bbox 1308 966 1476 1041; x_wconf 91' lang='lat' dir='ltr'>superbiam</span> <span class='ocrx_word' id='word_1_86' title='bbox 1492 970 1563 1022; x_wconf 92' lang='lat' dir='ltr'>sunt</span> <span class='ocrx_word' id='word_1_87' title='bbox 1572 964 1701 1039; x_wconf 48' lang='lat' dir='ltr'>expulsu</span> <span class='ocrx_word' id='word_1_88' title='bbox 1712 968 1741 1021; x_wconf 90' lang='lat' dir='ltr'>et</span> <span class='ocrx_word' id='word_1_89' title='bbox 1754 980 1826 1036; x_wconf 90' lang='lat' dir='ltr'>qno·</span> 
     </span>
     <span class='ocr_line' id='line_1_9' title="bbox 122 1049 1823 1130; baseline 0.001 -22"><span class='ocrx_word' id='word_1_90' title='bbox 122 1050 282 1108; x_wconf 86' lang='lat' dir='ltr'>Immemor</span> <span class='ocrx_word' id='word_1_91' title='bbox 293 1066 329 1105; x_wconf 88' lang='lat' dir='ltr'>en</span> <span class='ocrx_word' id='word_1_92' title='bbox 344 1049 451 1107; x_wconf 86' lang='lat' dir='ltr'>videris</span> <span class='ocrx_word' id='word_1_93' title='bbox 467 1053 602 1126; x_wconf 76' lang='lat' dir='ltr'>precepti</span> <span class='ocrx_word' id='word_1_94' title='bbox 616 1070 684 1111; x_wconf 89' lang='lat' dir='ltr'>ceca</span> <span class='ocrx_word' id='word_1_95' title='bbox 697 1055 852 1125; x_wconf 80' lang='lat' dir='ltr'>lobannis,</span> <span class='ocrx_word' id='word_1_96' title='bbox 1001 1057 1081 1113; x_wconf 89' lang='lat' dir='ltr'>niam</span> <span class='ocrx_word' id='word_1_97' title='bbox 1091 1056 1146 1130; x_wconf 89' lang='lat' dir='ltr'>ipsi</span> <span class='ocrx_word' id='word_1_98' title='bbox 1157 1057 1311 1114; x_wconf 92' lang='lat' dir='ltr'>domorum</span> <span class='ocrx_word' id='word_1_99' title='bbox 1320 1056 1587 1130; x_wconf 87' lang='lat' dir='ltr'>congregationem,</span> <span class='ocrx_word' id='word_1_100' title='bbox 1600 1069 1664 1127; x_wconf 82' lang='lat' dir='ltr'>quae</span> <span class='ocrx_word' id='word_1_101' title='bbox 1673 1071 1823 1110; x_wconf 91' lang='lat' dir='ltr'>muronon</span> 
     </span>
     <span class='ocr_line' id='line_1_10' title="bbox 122 1138 1823 1220; baseline 0.002 -25"><span class='ocrx_word' id='word_1_102' title='bbox 122 1138 176 1204; x_wconf 86' lang='lat' dir='ltr'>Qui</span> <span class='ocrx_word' id='word_1_103' title='bbox 191 1138 274 1194; x_wconf 84' lang='lat' dir='ltr'>tratri</span> <span class='ocrx_word' id='word_1_104' title='bbox 289 1138 382 1194; x_wconf 90' lang='lat' dir='ltr'>vetuit</span> <span class='ocrx_word' id='word_1_105' title='bbox 397 1139 496 1197; x_wconf 83' lang='lat' dir='ltr'>fratris</span> <span class='ocrx_word' id='word_1_106' title='bbox 510 1141 618 1199; x_wconf 88' lang='lat' dir='ltr'>violare</span> <span class='ocrx_word' id='word_1_107' title='bbox 634 1145 781 1201; x_wconf 86' lang='lat' dir='ltr'>maritam.</span> <span class='ocrx_word' id='word_1_108' title='bbox 1001 1145 1157 1218; x_wconf 88' lang='lat' dir='ltr'>clauditur,</span> <span class='ocrx_word' id='word_1_109' title='bbox 1167 1147 1294 1220; x_wconf 91' lang='lat' dir='ltr'>burgum</span> <span class='ocrx_word' id='word_1_110' title='bbox 1306 1146 1381 1218; x_wconf 85' lang='grc'>(100)</span> <span class='ocrx_word' id='word_1_111' title='bbox 1389 1149 1502 1209; x_wconf 83' lang='lat' dir='ltr'>vocant,</span> <span class='ocrx_word' id='word_1_112' title='bbox 1515 1143 1738 1216; x_wconf 82' lang='lat' dir='ltr'>Burgundiones</span> <span class='ocrx_word' id='word_1_113' title='bbox 1750 1143 1823 1213; x_wconf 89' lang='grc'>(110)</span> 
     </span>
     <span class='ocr_line' id='line_1_11' title="bbox 121 1227 1823 1308; baseline 0.001 -23"><span class='ocrx_word' id='word_1_114' title='bbox 121 1228 187 1285; x_wconf 80' lang='lat' dir='ltr'>Hae</span> <span class='ocrx_word' id='word_1_115' title='bbox 202 1227 255 1283; x_wconf 90' lang='lat' dir='ltr'>tibi</span> <span class='ocrx_word' id='word_1_116' title='bbox 270 1227 384 1284; x_wconf 87' lang='lat' dir='ltr'>Moseos</span> <span class='ocrx_word' id='word_1_117' title='bbox 399 1245 457 1284; x_wconf 80' lang='lat' dir='ltr'>utin</span> <span class='ocrx_word' id='word_1_118' title='bbox 474 1234 616 1302; x_wconf 81' lang='lat' dir='ltr'>prestant</span> <span class='ocrx_word' id='word_1_119' title='bbox 630 1232 761 1288; x_wconf 91' lang='lat' dir='ltr'>carmina</span> <span class='ocrx_word' id='word_1_120' title='bbox 775 1232 860 1302; x_wconf 83' lang='lat' dir='ltr'>vatis,</span> <span class='ocrx_word' id='word_1_121' title='bbox 1000 1235 1182 1304; x_wconf 82' lang='lat' dir='ltr'>altomeris,</span> <span class='ocrx_word' id='word_1_122' title='bbox 1199 1235 1332 1308; x_wconf 82' lang='lat' dir='ltr'>quod‘est</span> <span class='ocrx_word' id='word_1_123' title='bbox 1347 1235 1467 1308; x_wconf 89' lang='lat' dir='ltr'>eburgo</span> <span class='ocrx_word' id='word_1_124' title='bbox 1479 1231 1605 1306; x_wconf 80' lang='lat' dir='ltr'>expulsi,</span> <span class='ocrx_word' id='word_1_125' title='bbox 1617 1231 1734 1304; x_wconf 87' lang='lat' dir='ltr'>apellati</span> <span class='ocrx_word' id='word_1_126' title='bbox 1744 1235 1823 1288; x_wconf 90' lang='lat' dir='ltr'>sunt.</span> 
     </span>
     <span class='ocr_line' id='line_1_12' title="bbox 121 1316 1825 1395; baseline 0.001 -22"><span class='ocrx_word' id='word_1_127' title='bbox 121 1316 176 1384; x_wconf 86' lang='lat' dir='ltr'>Qui</span> <span class='ocrx_word' id='word_1_128' title='bbox 191 1316 273 1372; x_wconf 86' lang='lat' dir='ltr'>fratri</span> <span class='ocrx_word' id='word_1_129' title='bbox 289 1316 421 1373; x_wconf 86' lang='lat' dir='ltr'>subolem</span> <span class='ocrx_word' id='word_1_130' title='bbox 438 1318 536 1376; x_wconf 78' lang='lat' dir='ltr'>lratrIs</span> <span class='ocrx_word' id='word_1_131' title='bbox 551 1319 587 1376; x_wconf 91' lang='lat' dir='ltr'>de</span> <span class='ocrx_word' id='word_1_132' title='bbox 602 1320 720 1376; x_wconf 90' lang='lat' dir='ltr'>nomine</span> <span class='ocrx_word' id='word_1_133' title='bbox 731 1321 823 1392; x_wconf 87' lang='lat' dir='ltr'>jussit</span> <span class='ocrx_word' id='word_1_134' title='bbox 1000 1323 1133 1379; x_wconf 89' lang='lat' dir='ltr'>Ceterum</span> <span class='ocrx_word' id='word_1_135' title='bbox 1149 1325 1313 1381; x_wconf 89' lang='lat' dir='ltr'>seeundum</span> <span class='ocrx_word' id='word_1_136' title='bbox 1325 1322 1582 1379; x_wconf 88' lang='lat' dir='ltr'>naturalenomem</span> <span class='ocrx_word' id='word_1_137' title='bbox 1593 1319 1666 1377; x_wconf 87' lang='lat' dir='ltr'>Galli</span> <span class='ocrx_word' id='word_1_138' title='bbox 1676 1320 1825 1395; x_wconf 84' lang='lat' dir='ltr'>Allobrogi</span> 
     </span>
     <span class='ocr_line' id='line_1_13' title="bbox 121 1403 1824 1485; baseline 0.002 -23"><span class='ocrx_word' id='word_1_139' title='bbox 121 1406 221 1474; x_wconf 76' lang='lat' dir='ltr'>tudere,</span> <span class='ocrx_word' id='word_1_140' title='bbox 238 1405 263 1462; x_wconf 93' lang='lat' dir='ltr'>si</span> <span class='ocrx_word' id='word_1_141' title='bbox 280 1403 393 1478; x_wconf 88' lang='lat' dir='ltr'>primus</span> <span class='ocrx_word' id='word_1_142' title='bbox 409 1411 535 1481; x_wconf 86' lang='lat' dir='ltr'>nequeat</span> <span class='ocrx_word' id='word_1_143' title='bbox 549 1408 606 1464; x_wconf 92' lang='lat' dir='ltr'>sibi</span> <span class='ocrx_word' id='word_1_144' title='bbox 616 1410 737 1483; x_wconf 82' lang='lat' dir='ltr'>gignere</span> <span class='ocrx_word' id='word_1_145' title='bbox 750 1414 863 1465; x_wconf 88' lang='lat' dir='ltr'>natum.</span> <span class='ocrx_word' id='word_1_146' title='bbox 1000 1417 1194 1485; x_wconf 82' lang='lat' dir='ltr'>nuncupante</span> <span class='ocrx_word' id='word_1_147' title='bbox 1201 1431 1224 1468; x_wconf 91' lang='lat' dir='ltr'>r.</span> <span class='ocrx_word' id='word_1_148' title='bbox 1242 1414 1301 1485; x_wconf 79' lang='lat' dir='ltr'>ligo</span> <span class='ocrx_word' id='word_1_149' title='bbox 1315 1416 1413 1469; x_wconf 87' lang='lat' dir='ltr'>temen</span> <span class='ocrx_word' id='word_1_150' title='bbox 1428 1412 1570 1468; x_wconf 89' lang='lat' dir='ltr'>secudum</span> <span class='ocrx_word' id='word_1_151' title='bbox 1598 1410 1632 1445; x_wconf 74' lang='lat'>²⁴³</span> <span class='ocrx_word' id='word_1_152' title='bbox 1648 1410 1720 1465; x_wconf 92' lang='lat' dir='ltr'>mihi</span> <span class='ocrx_word' id='word_1_153' title='bbox 1734 1410 1824 1465; x_wconf 90' lang='lat' dir='ltr'>tradi-</span> 
     </span>
     <span class='ocr_line' id='line_1_14' title="bbox 120 1494 1825 1574; baseline 0.004 -24"><span class='ocrx_word' id='word_1_154' title='bbox 120 1494 225 1550; x_wconf 86' lang='lat' dir='ltr'>Nostra</span> <span class='ocrx_word' id='word_1_155' title='bbox 236 1498 286 1550; x_wconf 92' lang='lat' dir='ltr'>tuo</span> <span class='ocrx_word' id='word_1_156' title='bbox 301 1494 450 1567; x_wconf 87' lang='lat' dir='ltr'>peperisse</span> <span class='ocrx_word' id='word_1_157' title='bbox 463 1497 525 1553; x_wconf 81' lang='lat' dir='ltr'>viro</span> <span class='ocrx_word' id='word_1_158' title='bbox 540 1501 578 1565; x_wconf 90' lang='lat' dir='ltr'>te,</span> <span class='ocrx_word' id='word_1_159' title='bbox 595 1497 695 1555; x_wconf 90' lang='lat' dir='ltr'>secula</span> <span class='ocrx_word' id='word_1_160' title='bbox 710 1503 827 1555; x_wconf 91' lang='lat' dir='ltr'>norunt.</span> <span class='ocrx_word' id='word_1_161' title='bbox 1000 1504 1061 1557; x_wconf 84' lang='lat' dir='ltr'>tam</span> <span class='ocrx_word' id='word_1_162' title='bbox 1074 1501 1214 1569; x_wconf 87' lang='lat' dir='ltr'>fronesin,</span> <span class='ocrx_word' id='word_1_163' title='bbox 1226 1501 1256 1557; x_wconf 90' lang='lat' dir='ltr'>id</span> <span class='ocrx_word' id='word_1_164' title='bbox 1272 1505 1317 1557; x_wconf 89' lang='lat' dir='ltr'>est</span> <span class='ocrx_word' id='word_1_165' title='bbox 1332 1499 1518 1574; x_wconf 89' lang='lat' dir='ltr'>sapientiam,</span> <span class='ocrx_word' id='word_1_166' title='bbox 1536 1498 1759 1572; x_wconf 86' lang='lat' dir='ltr'>Burgundiones</span> <span class='ocrx_word' id='word_1_167' title='bbox 1775 1515 1825 1556; x_wconf 91' lang='lat' dir='ltr'>eos</span> 
     </span>
     <span class='ocr_line' id='line_1_15' title="bbox 120 1582 1826 1663; baseline 0.004 -25"><span class='ocrx_word' id='word_1_168' title='bbox 120 1582 321 1654; x_wconf 88' lang='lat' dir='ltr'>Respondens,</span> <span class='ocrx_word' id='word_1_169' title='bbox 338 1584 408 1652; x_wconf 92' lang='lat' dir='ltr'>scio,</span> <span class='ocrx_word' id='word_1_170' title='bbox 425 1589 472 1641; x_wconf 91' lang='lat' dir='ltr'>tu:</span> <span class='ocrx_word' id='word_1_171' title='bbox 489 1587 582 1643; x_wconf 86' lang='lat' dir='ltr'>ltticbit</span> <span class='ocrx_word' id='word_1_172' title='bbox 596 1587 646 1643; x_wconf 82' lang='lat' dir='ltr'>boc</span> <span class='ocrx_word' id='word_1_173' title='bbox 663 1590 748 1643; x_wconf 80' lang='lat' dir='ltr'>t&#39;cnuc</span> <span class='ocrx_word' id='word_1_174' title='bbox 763 1589 839 1644; x_wconf 81' lang='lat' dir='ltr'>ebrie</span> <span class='ocrx_word' id='word_1_175' title='bbox 854 1592 943 1644; x_wconf 77' lang='lat' dir='ltr'>cieret.</span> <span class='ocrx_word' id='word_1_176' title='bbox 999 1589 1084 1663; x_wconf 86' lang='lat' dir='ltr'>quasi</span> <span class='ocrx_word' id='word_1_177' title='bbox 1090 1590 1279 1663; x_wconf 89' lang='lat' dir='ltr'>gurguliones</span> <span class='ocrx_word' id='word_1_178' title='bbox 1288 1588 1458 1663; x_wconf 88' lang='lat' dir='ltr'>apello,vel,</span> <span class='ocrx_word' id='word_1_179' title='bbox 1470 1588 1547 1661; x_wconf 90' lang='lat' dir='ltr'>quod</span> <span class='ocrx_word' id='word_1_180' title='bbox 1559 1589 1655 1644; x_wconf 91' lang='lat' dir='ltr'>verius</span> <span class='ocrx_word' id='word_1_181' title='bbox 1665 1592 1719 1655; x_wconf 91' lang='lat' dir='ltr'>est,</span> <span class='ocrx_word' id='word_1_182' title='bbox 1731 1589 1826 1644; x_wconf 88' lang='lat' dir='ltr'>edaci·</span> 
     </span>
     <span class='ocr_line' id='line_1_16' title="bbox 118 1670 1825 1754; baseline 0.004 -29"><span class='ocrx_word' id='word_1_183' title='bbox 118 1670 242 1727; x_wconf 79' lang='lat' dir='ltr'>Advenit</span> <span class='ocrx_word' id='word_1_184' title='bbox 256 1675 374 1745; x_wconf 90' lang='lat' dir='ltr'>optatus</span> <span class='ocrx_word' id='word_1_185' title='bbox 386 1690 438 1729; x_wconf 92' lang='lat' dir='ltr'>eeu</span> <span class='ocrx_word' id='word_1_186' title='bbox 453 1674 506 1731; x_wconf 89' lang='lat' dir='ltr'>bos</span> <span class='ocrx_word' id='word_1_187' title='bbox 519 1675 572 1729; x_wconf 93' lang='lat' dir='ltr'>tibi</span> <span class='ocrx_word' id='word_1_188' title='bbox 588 1675 695 1731; x_wconf 88' lang='lat' dir='ltr'>duetus</span> <span class='ocrx_word' id='word_1_189' title='bbox 710 1677 746 1731; x_wconf 94' lang='lat' dir='ltr'>ad</span> <span class='ocrx_word' id='word_1_190' title='bbox 762 1691 843 1732; x_wconf 88' lang='lat' dir='ltr'>aram</span> <span class='ocrx_word' id='word_1_191' title='bbox 997 1681 1060 1733; x_wconf 90' lang='lat' dir='ltr'>toto</span> <span class='ocrx_word' id='word_1_192' title='bbox 1083 1682 1203 1751; x_wconf 90' lang='lat' dir='ltr'>gutture</span> <span class='ocrx_word' id='word_1_193' title='bbox 1230 1677 1402 1754; x_wconf 75' lang='lat' dir='ltr'>loquantur,</span> <span class='ocrx_word' id='word_1_194' title='bbox 1419 1678 1473 1746; x_wconf 82' lang='lat' dir='ltr'>vel,</span> <span class='ocrx_word' id='word_1_195' title='bbox 1488 1678 1565 1751; x_wconf 86' lang='lat' dir='ltr'>quod</span> <span class='ocrx_word' id='word_1_196' title='bbox 1591 1678 1628 1733; x_wconf 94' lang='lat' dir='ltr'>ob</span> <span class='ocrx_word' id='word_1_197' title='bbox 1656 1677 1825 1751; x_wconf 86' lang='lat' dir='ltr'>superbiam</span> 
     </span>
     <span class='ocr_line' id='line_1_17' title="bbox 119 1758 1823 1840; baseline 0.006 -26"><span class='ocrx_word' id='word_1_198' title='bbox 119 1758 179 1815; x_wconf 81' lang='lat' dir='ltr'>Rex</span> <span class='ocrx_word' id='word_1_199' title='bbox 195 1761 286 1833; x_wconf 93' lang='lat' dir='ltr'>llugo,</span> <span class='ocrx_word' id='word_1_200' title='bbox 298 1760 458 1816; x_wconf 83' lang='lat' dir='ltr'>Romanam</span> <span class='ocrx_word' id='word_1_201' title='bbox 465 1763 563 1834; x_wconf 90' lang='lat' dir='ltr'>potius</span> <span class='ocrx_word' id='word_1_202' title='bbox 572 1764 939 1822; x_wconf 77' lang='lat' dir='ltr'>commotus²³⁷oburbem</span> <span class='ocrx_word' id='word_1_203' title='bbox 997 1765 1049 1822; x_wconf 92' lang='lat' dir='ltr'>tati</span> <span class='ocrx_word' id='word_1_204' title='bbox 1058 1767 1102 1835; x_wconf 70' lang='lat'>²⁸⁸,</span> <span class='ocrx_word' id='word_1_205' title='bbox 1113 1784 1175 1838; x_wconf 78' lang='lat' dir='ltr'>qua</span> <span class='ocrx_word' id='word_1_206' title='bbox 1184 1766 1342 1840; x_wconf 84' lang='lat' dir='ltr'>pergulam</span> <span class='ocrx_word' id='word_1_207' title='bbox 1352 1772 1513 1833; x_wconf 86' lang='lat' dir='ltr'>exercetur,</span> <span class='ocrx_word' id='word_1_208' title='bbox 1522 1766 1823 1840; x_wconf 84' lang='lat' dir='ltr'>nimisindulgeant.»</span> 
     </span>
     <span class='ocr_line' id='line_1_18' title="bbox 119 1847 1823 1929; baseline 0.006 -27"><span class='ocrx_word' id='word_1_209' title='bbox 119 1847 192 1912; x_wconf 86' lang='lat' dir='ltr'>Quid</span> <span class='ocrx_word' id='word_1_210' title='bbox 205 1848 298 1919; x_wconf 91' lang='lat' dir='ltr'>juvat,</span> <span class='ocrx_word' id='word_1_211' title='bbox 306 1848 495 1918; x_wconf 87' lang='lat' dir='ltr'>obscelerata,</span> <span class='ocrx_word' id='word_1_212' title='bbox 512 1850 944 1923; x_wconf 79' lang='lat' dir='ltr'>virumsicperderesanctumt</span> <span class='ocrx_word' id='word_1_213' title='bbox 998 1854 1156 1921; x_wconf 89' lang='lat' dir='ltr'>Neemora,</span> <span class='ocrx_word' id='word_1_214' title='bbox 1166 1855 1213 1911; x_wconf 87' lang='lat' dir='ltr'>his</span> <span class='ocrx_word' id='word_1_215' title='bbox 1224 1855 1342 1922; x_wconf 90' lang='lat' dir='ltr'>auditis,</span> <span class='ocrx_word' id='word_1_216' title='bbox 1352 1856 1504 1928; x_wconf 91' lang='lat' dir='ltr'>Hugonem</span> <span class='ocrx_word' id='word_1_217' title='bbox 1519 1871 1616 1929; x_wconf 92' lang='lat' dir='ltr'>regem</span> <span class='ocrx_word' id='word_1_218' title='bbox 1628 1855 1728 1912; x_wconf 90' lang='lat' dir='ltr'>duncti</span> <span class='ocrx_word' id='word_1_219' title='bbox 1740 1857 1823 1912; x_wconf 89' lang='lat' dir='ltr'>dese·</span> 
     </span>
     <span class='ocr_line' id='line_1_19' title="bbox 117 1936 1821 2018; baseline 0.004 -26"><span class='ocrx_word' id='word_1_220' title='bbox 117 1936 245 1993; x_wconf 89' lang='lat' dir='ltr'>Crimine</span> <span class='ocrx_word' id='word_1_221' title='bbox 260 1936 330 1992; x_wconf 90' lang='lat' dir='ltr'>dum</span> <span class='ocrx_word' id='word_1_222' title='bbox 346 1940 427 1992; x_wconf 88' lang='lat' dir='ltr'>tanto</span> <span class='ocrx_word' id='word_1_223' title='bbox 444 1937 554 2011; x_wconf 86' lang='lat' dir='ltr'>satagis</span> <span class='ocrx_word' id='word_1_224' title='bbox 570 1939 672 2013; x_wconf 89' lang='lat' dir='ltr'>regina</span> <span class='ocrx_word' id='word_1_225' title='bbox 686 1940 788 2009; x_wconf 87' lang='lat' dir='ltr'>videri,</span> <span class='ocrx_word' id='word_1_226' title='bbox 997 1942 1821 2018; x_wconf 83' lang='lat' dir='ltr'>runt,atqueeundemhlbericumsibidominumeligunt;</span> 
     </span>
     <span class='ocr_line' id='line_1_20' title="bbox 117 2025 1822 2105; baseline 0.004 -23"><span class='ocrx_word' id='word_1_227' title='bbox 117 2025 226 2082; x_wconf 73' lang='lat' dir='ltr'>Amitis</span> <span class='ocrx_word' id='word_1_228' title='bbox 241 2042 378 2100; x_wconf 87' lang='lat' dir='ltr'>maguam</span> <span class='ocrx_word' id='word_1_229' title='bbox 394 2026 518 2083; x_wconf 88' lang='lat' dir='ltr'>Domino</span> <span class='ocrx_word' id='word_1_230' title='bbox 534 2032 566 2084; x_wconf 92' lang='lat' dir='ltr'>tu</span> <span class='ocrx_word' id='word_1_231' title='bbox 578 2028 678 2100; x_wconf 89' lang='lat' dir='ltr'>judice</span> <span class='ocrx_word' id='word_1_232' title='bbox 694 2029 827 2085; x_wconf 88' lang='lat' dir='ltr'>Romam.</span> <span class='ocrx_word' id='word_1_233' title='bbox 997 2036 1026 2089; x_wconf 91' lang='lat' dir='ltr'>et</span> <span class='ocrx_word' id='word_1_234' title='bbox 1037 2048 1072 2088; x_wconf 92' lang='lat' dir='ltr'>ne</span> <span class='ocrx_word' id='word_1_235' title='bbox 1081 2033 1213 2105; x_wconf 89' lang='lat' dir='ltr'>spacium</span> <span class='ocrx_word' id='word_1_236' title='bbox 1225 2032 1343 2104; x_wconf 91' lang='lat' dir='ltr'>quidem</span> <span class='ocrx_word' id='word_1_237' title='bbox 1353 2030 1461 2088; x_wconf 88' lang='lat' dir='ltr'>milites</span> <span class='ocrx_word' id='word_1_238' title='bbox 1477 2032 1680 2090; x_wconf 89' lang='lat' dir='ltr'>introducendi</span> <span class='ocrx_word' id='word_1_239' title='bbox 1693 2050 1822 2090; x_wconf 81' lang='lat' dir='ltr'>suosrerr</span> 
     </span>
     <span class='ocr_line' id='line_1_21' title="bbox 117 2114 1823 2196; baseline 0.004 -26"><span class='ocrx_word' id='word_1_240' title='bbox 117 2114 200 2180; x_wconf 81' lang='lat' dir='ltr'>Quod</span> <span class='ocrx_word' id='word_1_241' title='bbox 215 2119 291 2172; x_wconf 90' lang='lat' dir='ltr'>recte</span> <span class='ocrx_word' id='word_1_242' title='bbox 307 2132 372 2172; x_wconf 90' lang='lat' dir='ltr'>esse</span> <span class='ocrx_word' id='word_1_243' title='bbox 387 2121 495 2182; x_wconf 86' lang='lat' dir='ltr'>aetum,</span> <span class='ocrx_word' id='word_1_244' title='bbox 512 2134 571 2173; x_wconf 92' lang='lat' dir='ltr'>non</span> <span class='ocrx_word' id='word_1_245' title='bbox 586 2116 683 2173; x_wconf 90' lang='lat' dir='ltr'>solum</span> <span class='ocrx_word' id='word_1_246' title='bbox 699 2122 826 2189; x_wconf 88' lang='lat' dir='ltr'>sensata,</span> <span class='ocrx_word' id='word_1_247' title='bbox 841 2135 942 2175; x_wconf 86' lang='lat' dir='ltr'>verum</span> <span class='ocrx_word' id='word_1_248' title='bbox 998 2120 1080 2196; x_wconf 89' lang='lat' dir='ltr'>llugo</span> <span class='ocrx_word' id='word_1_249' title='bbox 1090 2121 1220 2189; x_wconf 88' lang='lat' dir='ltr'>haberet,</span> <span class='ocrx_word' id='word_1_250' title='bbox 1233 2120 1427 2177; x_wconf 88' lang='lat' dir='ltr'>munitionem</span> <span class='ocrx_word' id='word_1_251' title='bbox 1440 2120 1823 2195; x_wconf 85' lang='lat' dir='ltr'>consestimobpugnarein-</span> 
     </span>
     <span class='ocr_line' id='line_1_22' title="bbox 117 2204 1124 2282; baseline 0.002 -20"><span class='ocrx_word' id='word_1_252' title='bbox 117 2205 207 2262; x_wconf 89' lang='lat' dir='ltr'>etiam</span> <span class='ocrx_word' id='word_1_253' title='bbox 224 2204 384 2273; x_wconf 88' lang='lat' dir='ltr'>insensata,</span> <span class='ocrx_word' id='word_1_254' title='bbox 401 2205 688 2263; x_wconf 64' lang='lat' dir='ltr'>animadvertuntffl.</span> <span class='ocrx_word' id='word_1_255' title='bbox 700 2211 733 2262; x_wconf 88' lang='lat' dir='ltr'>lu</span> <span class='ocrx_word' id='word_1_256' title='bbox 749 2208 945 2280; x_wconf 83' lang='lat' dir='ltr'>ingressulto·</span> <span class='ocrx_word' id='word_1_257' title='bbox 998 2214 1124 2282; x_wconf 82' lang='lat' dir='ltr'>captant.</span> 
     </span>
    </p>

    <p class='ocr_par' dir='ltr' id='par_1_4' title="bbox 116 2293 1822 3170">
     <span class='ocr_line' id='line_1_23' title="bbox 117 2293 1822 2371; baseline 0.002 -20"><span class='ocrx_word' id='word_1_258' title='bbox 117 2310 212 2351; x_wconf 79' lang='lat' dir='ltr'>manu</span> <span class='ocrx_word' id='word_1_259' title='bbox 225 2293 307 2350; x_wconf 90' lang='lat' dir='ltr'>urbis</span> <span class='ocrx_word' id='word_1_260' title='bbox 323 2295 457 2365; x_wconf 87' lang='lat' dir='ltr'>quaedam</span> <span class='ocrx_word' id='word_1_261' title='bbox 473 2299 516 2351; x_wconf 89' lang='lat' dir='ltr'>sst</span> <span class='ocrx_word' id='word_1_262' title='bbox 531 2295 598 2351; x_wconf 91' lang='lat' dir='ltr'>miri</span> <span class='ocrx_word' id='word_1_263' title='bbox 614 2296 709 2368; x_wconf 92' lang='lat' dir='ltr'>operis</span> <span class='ocrx_word' id='word_1_264' title='bbox 721 2297 853 2369; x_wconf 90' lang='lat' dir='ltr'>mireque</span> <span class='ocrx_word' id='word_1_265' title='bbox 867 2296 945 2353; x_wconf 86' lang='lat' dir='ltr'>lorti·</span> <span class='ocrx_word' id='word_1_266' title='bbox 1035 2300 1068 2353; x_wconf 89' lang='lat' dir='ltr'>l5</span> <span class='ocrx_word' id='word_1_267' title='bbox 1082 2300 1126 2353; x_wconf 66' lang='lat'>²⁸³.</span> <span class='ocrx_word' id='word_1_268' title='bbox 1135 2299 1239 2371; x_wconf 89' lang='lat' dir='ltr'>Liquet</span> <span class='ocrx_word' id='word_1_269' title='bbox 1249 2298 1353 2354; x_wconf 80' lang='lat' dir='ltr'>divine</span> <span class='ocrx_word' id='word_1_270' title='bbox 1364 2299 1593 2371; x_wconf 87' lang='lat' dir='ltr'>dispensationis</span> <span class='ocrx_word' id='word_1_271' title='bbox 1604 2298 1822 2354; x_wconf 89' lang='lat' dir='ltr'>hocconsilium</span> 
     </span>
     <span class='ocr_line' id='line_1_24' title="bbox 117 2382 1821 2459; baseline 0.002 -20"><span class='ocrx_word' id='word_1_272' title='bbox 117 2382 231 2439; x_wconf 90' lang='lat' dir='ltr'>tudinis</span> <span class='ocrx_word' id='word_1_273' title='bbox 247 2383 406 2439; x_wconf 91' lang='lat' dir='ltr'>constituta</span> <span class='ocrx_word' id='word_1_274' title='bbox 422 2384 557 2454; x_wconf 90' lang='lat' dir='ltr'>munitio;</span> <span class='ocrx_word' id='word_1_275' title='bbox 570 2389 636 2441; x_wconf 88' lang='lat' dir='ltr'>ante</span> <span class='ocrx_word' id='word_1_276' title='bbox 647 2386 944 2459; x_wconf 86' lang='lat' dir='ltr'>cujusjanuampans</span> <span class='ocrx_word' id='word_1_277' title='bbox 999 2403 1073 2458; x_wconf 89' lang='lat' dir='ltr'>esse,</span> <span class='ocrx_word' id='word_1_278' title='bbox 1086 2392 1118 2443; x_wconf 94' lang='lat' dir='ltr'>ut</span> <span class='ocrx_word' id='word_1_279' title='bbox 1142 2388 1220 2459; x_wconf 90' lang='lat' dir='ltr'>quod</span> <span class='ocrx_word' id='word_1_280' title='bbox 1236 2403 1286 2442; x_wconf 86' lang='lat' dir='ltr'>rex</span> <span class='ocrx_word' id='word_1_281' title='bbox 1302 2388 1383 2459; x_wconf 91' lang='lat' dir='ltr'>llugo</span> <span class='ocrx_word' id='word_1_282' title='bbox 1396 2392 1455 2442; x_wconf 90' lang='lat' dir='ltr'>tam</span> <span class='ocrx_word' id='word_1_283' title='bbox 1471 2386 1597 2458; x_wconf 85' lang='lat' dir='ltr'>turpiter</span> <span class='ocrx_word' id='word_1_284' title='bbox 1620 2393 1743 2458; x_wconf 79' lang='lat' dir='ltr'>ceperat</span> <span class='ocrx_word' id='word_1_285' title='bbox 1755 2404 1821 2442; x_wconf 90' lang='lat' dir='ltr'>sce-</span> 
     </span>
     <span class='ocr_line' id='line_1_25' title="bbox 117 2471 1821 2547; baseline 0.001 -19"><span class='ocrx_word' id='word_1_286' title='bbox 117 2474 165 2529; x_wconf 88' lang='lat' dir='ltr'>est</span> <span class='ocrx_word' id='word_1_287' title='bbox 176 2471 421 2545; x_wconf 86' lang='lat' dir='ltr'>praeciosissimus</span> <span class='ocrx_word' id='word_1_288' title='bbox 438 2490 528 2546; x_wconf 86' lang='lat' dir='ltr'>super</span> <span class='ocrx_word' id='word_1_289' title='bbox 541 2472 670 2530; x_wconf 82' lang='lat' dir='ltr'>Tiberim</span> <span class='ocrx_word' id='word_1_290' title='bbox 696 2473 865 2542; x_wconf 83' lang='lat' dir='ltr'>fabricatus,</span> <span class='ocrx_word' id='word_1_291' title='bbox 893 2476 943 2547; x_wconf 92' lang='lat' dir='ltr'>qui</span> <span class='ocrx_word' id='word_1_292' title='bbox 999 2473 1068 2543; x_wconf 89' lang='lat' dir='ltr'>lere,</span> <span class='ocrx_word' id='word_1_293' title='bbox 1085 2492 1152 2530; x_wconf 89' lang='lat' dir='ltr'>eum</span> <span class='ocrx_word' id='word_1_294' title='bbox 1168 2475 1346 2531; x_wconf 82' lang='lat' dir='ltr'>omnimodis</span> <span class='ocrx_word' id='word_1_295' title='bbox 1370 2475 1501 2547; x_wconf 89' lang='lat' dir='ltr'>optinere</span> <span class='ocrx_word' id='word_1_296' title='bbox 1517 2490 1574 2529; x_wconf 92' lang='lat' dir='ltr'>non</span> <span class='ocrx_word' id='word_1_297' title='bbox 1597 2490 1693 2545; x_wconf 87' lang='lat' dir='ltr'>posse.</span> <span class='ocrx_word' id='word_1_298' title='bbox 1726 2476 1821 2529; x_wconf 86' lang='lat' dir='ltr'>Tanto</span> 
     </span>
     <span class='ocr_line' id='line_1_26' title="bbox 117 2559 1819 2637; baseline 0.001 -23"><span class='ocrx_word' id='word_1_299' title='bbox 117 2560 235 2634; x_wconf 86' lang='lat' dir='ltr'>pervius</span> <span class='ocrx_word' id='word_1_300' title='bbox 250 2559 483 2634; x_wconf 88' lang='lat' dir='ltr'>ingredientibus</span> <span class='ocrx_word' id='word_1_301' title='bbox 494 2561 712 2634; x_wconf 82' lang='lat' dir='ltr'>Romamatque</span> <span class='ocrx_word' id='word_1_302' title='bbox 728 2562 945 2635; x_wconf 87' lang='lat' dir='ltr'>egredientibus</span> <span class='ocrx_word' id='word_1_303' title='bbox 999 2564 1107 2637; x_wconf 90' lang='lat' dir='ltr'>quippe</span> <span class='ocrx_word' id='word_1_304' title='bbox 1122 2567 1167 2619; x_wconf 88' lang='lat' dir='ltr'>est</span> <span class='ocrx_word' id='word_1_305' title='bbox 1177 2567 1287 2620; x_wconf 90' lang='lat' dir='ltr'>terrore</span> <span class='ocrx_word' id='word_1_306' title='bbox 1300 2567 1427 2631; x_wconf 88' lang='lat' dir='ltr'>coaetus,</span> <span class='ocrx_word' id='word_1_307' title='bbox 1444 2567 1478 2618; x_wconf 86' lang='lat' dir='ltr'>ut</span> <span class='ocrx_word' id='word_1_308' title='bbox 1489 2579 1541 2636; x_wconf 94' lang='lat' dir='ltr'>per</span> <span class='ocrx_word' id='word_1_309' title='bbox 1556 2562 1657 2618; x_wconf 88' lang='lat' dir='ltr'>restim</span> <span class='ocrx_word' id='word_1_310' title='bbox 1675 2579 1705 2617; x_wconf 89' lang='lat' dir='ltr'>se</span> <span class='ocrx_word' id='word_1_311' title='bbox 1720 2561 1819 2634; x_wconf 88' lang='lat' dir='ltr'>ipsum</span> 
     </span>
     <span class='ocr_line' id='line_1_27' title="bbox 117 2648 1820 2725; baseline -0.001 -19"><span class='ocrx_word' id='word_1_312' title='bbox 117 2653 173 2719; x_wconf 87' lang='lat' dir='ltr'>est;</span> <span class='ocrx_word' id='word_1_313' title='bbox 191 2664 243 2706; x_wconf 89' lang='lat' dir='ltr'>nec</span> <span class='ocrx_word' id='word_1_314' title='bbox 258 2652 305 2705; x_wconf 91' lang='lat' dir='ltr'>est</span> <span class='ocrx_word' id='word_1_315' title='bbox 319 2648 385 2717; x_wconf 87' lang='lat' dir='ltr'>alia,</span> <span class='ocrx_word' id='word_1_316' title='bbox 402 2649 458 2705; x_wconf 89' lang='lat' dir='ltr'>nisi</span> <span class='ocrx_word' id='word_1_317' title='bbox 474 2666 526 2722; x_wconf 92' lang='lat' dir='ltr'>per</span> <span class='ocrx_word' id='word_1_318' title='bbox 540 2666 619 2718; x_wconf 88' lang='lat' dir='ltr'>cum,</span> <span class='ocrx_word' id='word_1_319' title='bbox 635 2650 807 2708; x_wconf 90' lang='lat' dir='ltr'>transeundi</span> <span class='ocrx_word' id='word_1_320' title='bbox 819 2651 875 2707; x_wconf 86' lang='lat' dir='ltr'>via.</span> <span class='ocrx_word' id='word_1_321' title='bbox 888 2653 945 2708; x_wconf 88' lang='lat' dir='ltr'>lloe</span> <span class='ocrx_word' id='word_1_322' title='bbox 999 2669 1033 2709; x_wconf 89' lang='lat' dir='ltr'>ea</span> <span class='ocrx_word' id='word_1_323' title='bbox 1048 2669 1082 2708; x_wconf 84' lang='lat' dir='ltr'>ex</span> <span class='ocrx_word' id='word_1_324' title='bbox 1096 2656 1178 2724; x_wconf 93' lang='lat' dir='ltr'>parte</span> <span class='ocrx_word' id='word_1_325' title='bbox 1192 2669 1251 2725; x_wconf 89' lang='lat' dir='ltr'>qua</span> <span class='ocrx_word' id='word_1_326' title='bbox 1266 2652 1391 2709; x_wconf 89' lang='lat' dir='ltr'>civitatis</span> <span class='ocrx_word' id='word_1_327' title='bbox 1411 2669 1496 2708; x_wconf 91' lang='lat' dir='ltr'>muro</span> <span class='ocrx_word' id='word_1_328' title='bbox 1512 2650 1636 2706; x_wconf 90' lang='lat' dir='ltr'>munitio</span> <span class='ocrx_word' id='word_1_329' title='bbox 1660 2650 1820 2706; x_wconf 79' lang='lat' dir='ltr'>inherebat</span> 
     </span>
     <span class='ocr_line' id='line_1_28' title="bbox 116 2737 1819 2813; baseline 0 -18"><span class='ocrx_word' id='word_1_330' title='bbox 116 2742 228 2807; x_wconf 91' lang='lat' dir='ltr'>tamen,</span> <span class='ocrx_word' id='word_1_331' title='bbox 246 2737 303 2794; x_wconf 87' lang='lat' dir='ltr'>nisi</span> <span class='ocrx_word' id='word_1_332' title='bbox 318 2755 462 2795; x_wconf 88' lang='lat' dir='ltr'>consensu</span> <span class='ocrx_word' id='word_1_333' title='bbox 486 2739 679 2795; x_wconf 87' lang='lat' dir='ltr'>munitionem</span> <span class='ocrx_word' id='word_1_334' title='bbox 704 2739 943 2811; x_wconf 87' lang='lat' dir='ltr'>custodientium,</span> <span class='ocrx_word' id='word_1_335' title='bbox 999 2741 1158 2813; x_wconf 88' lang='lat' dir='ltr'>deponens,</span> <span class='ocrx_word' id='word_1_336' title='bbox 1175 2758 1238 2798; x_wconf 88' lang='lat' dir='ltr'>eam</span> <span class='ocrx_word' id='word_1_337' title='bbox 1250 2743 1405 2808; x_wconf 89' lang='lat' dir='ltr'>desereret,</span> <span class='ocrx_word' id='word_1_338' title='bbox 1415 2745 1503 2813; x_wconf 90' lang='lat' dir='ltr'>etque</span> <span class='ocrx_word' id='word_1_339' title='bbox 1514 2741 1549 2796; x_wconf 89' lang='lat' dir='ltr'>ad</span> <span class='ocrx_word' id='word_1_340' title='bbox 1561 2756 1630 2796; x_wconf 92' lang='lat' dir='ltr'>suos</span> <span class='ocrx_word' id='word_1_341' title='bbox 1640 2741 1819 2813; x_wconf 78' lang='lat' dir='ltr'>confugeret.</span> 
     </span>
     <span class='ocr_line' id='line_1_29' title="bbox 117 2827 1819 2903; baseline -0.001 -18"><span class='ocrx_word' id='word_1_342' title='bbox 117 2827 183 2885; x_wconf 86' lang='lat' dir='ltr'>fleri</span> <span class='ocrx_word' id='word_1_343' title='bbox 199 2844 257 2884; x_wconf 91' lang='lat' dir='ltr'>non</span> <span class='ocrx_word' id='word_1_344' title='bbox 274 2831 378 2901; x_wconf 89' lang='lat' dir='ltr'>potest.</span> <span class='ocrx_word' id='word_1_345' title='bbox 396 2827 518 2884; x_wconf 88' lang='lat' dir='ltr'>hluuitio</span> <span class='ocrx_word' id='word_1_346' title='bbox 534 2845 601 2885; x_wconf 83' lang='lat' dir='ltr'>vero</span> <span class='ocrx_word' id='word_1_347' title='bbox 616 2829 691 2902; x_wconf 90' lang='lat' dir='ltr'>ipsa,</span> <span class='ocrx_word' id='word_1_348' title='bbox 708 2834 741 2884; x_wconf 93' lang='lat' dir='ltr'>ut</span> <span class='ocrx_word' id='word_1_349' title='bbox 756 2829 944 2885; x_wconf 76' lang='lat' dir='ltr'>eateradeei-</span> <span class='ocrx_word' id='word_1_350' title='bbox 998 2829 1142 2902; x_wconf 75' lang='lat' dir='ltr'>Expulsus</span> <span class='ocrx_word' id='word_1_351' title='bbox 1158 2830 1248 2902; x_wconf 89' lang='lat' dir='ltr'>igitur</span> <span class='ocrx_word' id='word_1_352' title='bbox 1264 2847 1313 2886; x_wconf 84' lang='lat' dir='ltr'>rex</span> <span class='ocrx_word' id='word_1_353' title='bbox 1339 2834 1422 2903; x_wconf 89' lang='lat' dir='ltr'>Hugo</span> <span class='ocrx_word' id='word_1_354' title='bbox 1437 2846 1504 2885; x_wconf 91' lang='lat' dir='ltr'>cum</span> <span class='ocrx_word' id='word_1_355' title='bbox 1534 2828 1654 2901; x_wconf 77' lang='lat' dir='ltr'>prelata</span> <span class='ocrx_word' id='word_1_356' title='bbox 1682 2828 1819 2896; x_wconf 86' lang='lat' dir='ltr'>Marioza,</span> 
     </span>
     <span class='ocr_line' id='line_1_30' title="bbox 119 2916 1820 2990; baseline -0.001 -17"><span class='ocrx_word' id='word_1_357' title='bbox 119 2933 201 2984; x_wconf 90' lang='lat' dir='ltr'>nam,</span> <span class='ocrx_word' id='word_1_358' title='bbox 218 2920 304 2973; x_wconf 72' lang='lat' dir='ltr'>tantae</span> <span class='ocrx_word' id='word_1_359' title='bbox 321 2916 485 2974; x_wconf 79' lang='lat' dir='ltr'>altitudinis</span> <span class='ocrx_word' id='word_1_360' title='bbox 500 2921 554 2987; x_wconf 83' lang='lat' dir='ltr'>est,</span> <span class='ocrx_word' id='word_1_361' title='bbox 570 2921 603 2974; x_wconf 89' lang='lat' dir='ltr'>ut</span> <span class='ocrx_word' id='word_1_362' title='bbox 618 2917 739 2975; x_wconf 87' lang='lat' dir='ltr'>ecelesia</span> <span class='ocrx_word' id='word_1_363' title='bbox 755 2934 819 2990; x_wconf 79' lang='lat' dir='ltr'>quae</span> <span class='ocrx_word' id='word_1_364' title='bbox 835 2917 864 2973; x_wconf 91' lang='lat' dir='ltr'>in</span> <span class='ocrx_word' id='word_1_365' title='bbox 880 2918 943 2990; x_wconf 87' lang='lat' dir='ltr'>ejus</span> <span class='ocrx_word' id='word_1_366' title='bbox 998 2918 1135 2974; x_wconf 77' lang='lat' dir='ltr'>Romana</span> <span class='ocrx_word' id='word_1_367' title='bbox 1148 2919 1230 2975; x_wconf 82' lang='lat' dir='ltr'>urbis</span> <span class='ocrx_word' id='word_1_368' title='bbox 1240 2918 1391 2975; x_wconf 88' lang='lat' dir='ltr'>Alberieus</span> <span class='ocrx_word' id='word_1_369' title='bbox 1402 2917 1603 2974; x_wconf 84' lang='lat' dir='ltr'>monarchiam</span> <span class='ocrx_word' id='word_1_370' title='bbox 1615 2917 1720 2986; x_wconf 92' lang='lat' dir='ltr'>tenuit,</span> <span class='ocrx_word' id='word_1_371' title='bbox 1732 2916 1820 2972; x_wconf 87' lang='lat' dir='ltr'>tratre</span> 
     </span>
     <span class='ocr_line' id='line_1_31' title="bbox 116 3005 1820 3080; baseline -0.001 -17"><span class='ocrx_word' id='word_1_372' title='bbox 116 3006 224 3063; x_wconf 87' lang='lat' dir='ltr'>vertice</span> <span class='ocrx_word' id='word_1_373' title='bbox 240 3005 365 3074; x_wconf 89' lang='lat' dir='ltr'>videtur,</span> <span class='ocrx_word' id='word_1_374' title='bbox 382 3005 412 3061; x_wconf 89' lang='lat' dir='ltr'>in</span> <span class='ocrx_word' id='word_1_375' title='bbox 427 3006 694 3063; x_wconf 90' lang='lat' dir='ltr'>honoresummiet</span> <span class='ocrx_word' id='word_1_376' title='bbox 708 3005 943 3063; x_wconf 76' lang='lat' dir='ltr'>celestismiliciae</span> <span class='ocrx_word' id='word_1_377' title='bbox 997 3025 1051 3064; x_wconf 94' lang='lat' dir='ltr'>suo</span> <span class='ocrx_word' id='word_1_378' title='bbox 1066 3009 1198 3064; x_wconf 87' lang='lat' dir='ltr'>loheune</span> <span class='ocrx_word' id='word_1_379' title='bbox 1214 3008 1322 3065; x_wconf 90' lang='lat' dir='ltr'>summi</span> <span class='ocrx_word' id='word_1_380' title='bbox 1339 3012 1427 3080; x_wconf 82' lang='lat' dir='ltr'>atque</span> <span class='ocrx_word' id='word_1_381' title='bbox 1456 3005 1630 3063; x_wconf 86' lang='lat' dir='ltr'>universalis</span> <span class='ocrx_word' id='word_1_382' title='bbox 1646 3005 1820 3078; x_wconf 78' lang='lat' dir='ltr'>presulatus</span> 
     </span>
     <span class='ocr_line' id='line_1_32' title="bbox 117 3093 1260 3170; baseline 0.002 -20"><span class='ocrx_word' id='word_1_383' title='bbox 117 3093 260 3168; x_wconf 91' lang='lat' dir='ltr'>principis</span> <span class='ocrx_word' id='word_1_384' title='bbox 275 3093 442 3166; x_wconf 87' lang='lat' dir='ltr'>archangeli</span> <span class='ocrx_word' id='word_1_385' title='bbox 462 3095 633 3151; x_wconf 87' lang='lat' dir='ltr'>Miehabelis</span> <span class='ocrx_word' id='word_1_386' title='bbox 655 3095 802 3162; x_wconf 86' lang='lat' dir='ltr'>labrieuia,</span> <span class='ocrx_word' id='word_1_387' title='bbox 828 3095 942 3151; x_wconf 89' lang='lat' dir='ltr'>dicatur</span> <span class='ocrx_word' id='word_1_388' title='bbox 998 3097 1059 3154; x_wconf 89' lang='lat' dir='ltr'>sedi</span> <span class='ocrx_word' id='word_1_389' title='bbox 1074 3097 1260 3170; x_wconf 79' lang='lat' dir='ltr'>praesidente.</span> 
     </span>
    </p>

    <p class='ocr_par' dir='ltr' id='par_1_5' title="bbox 111 3161 1823 5122">
     <span class='ocr_line' id='line_1_33' title="bbox 120 3161 1821 3258; baseline -0.001 -18"><span class='ocrx_word' id='word_1_390' title='bbox 120 3203 133 3234; x_wconf 72' lang='lat' dir='ltr'>a</span> <span class='ocrx_word' id='word_1_391' title='bbox 149 3183 246 3240; x_wconf 88' lang='lat' dir='ltr'>sancti</span> <span class='ocrx_word' id='word_1_392' title='bbox 259 3182 361 3256; x_wconf 87' lang='lat' dir='ltr'>Angeli</span> <span class='ocrx_word' id='word_1_393' title='bbox 375 3182 497 3240; x_wconf 89' lang='lat' dir='ltr'>eeclesia</span> <span class='ocrx_word' id='word_1_394' title='bbox 507 3201 600 3257; x_wconf 89' lang='lat' dir='ltr'>usque</span> <span class='ocrx_word' id='word_1_395' title='bbox 611 3185 646 3241; x_wconf 88' lang='lat' dir='ltr'>ed</span> <span class='ocrx_word' id='word_1_396' title='bbox 657 3183 754 3241; x_wconf 85' lang='lat' dir='ltr'>coelos.</span> <span class='ocrx_word' id='word_1_397' title='bbox 769 3207 782 3234; x_wconf 90' lang='lat'>»</span> <span class='ocrx_word' id='word_1_398' title='bbox 794 3185 853 3239; x_wconf 82' lang='lat' dir='ltr'>ltex</span> <span class='ocrx_word' id='word_1_399' title='bbox 863 3184 942 3240; x_wconf 90' lang='lat' dir='ltr'>deni-</span> <span class='ocrx_word' id='word_1_400' title='bbox 957 3161 978 3229; x_wconf 78' lang='lat' dir='ltr'>C</span> <span class='ocrx_word' id='word_1_401' title='bbox 1033 3187 1067 3241; x_wconf 85' lang='grc'>10</span> <span class='ocrx_word' id='word_1_402' title='bbox 1082 3188 1125 3241; x_wconf 74' lang='lat'>²⁸⁶.</span> <span class='ocrx_word' id='word_1_403' title='bbox 1143 3186 1231 3242; x_wconf 75' lang='lat' dir='ltr'>rtiunt</span> <span class='ocrx_word' id='word_1_404' title='bbox 1246 3186 1376 3257; x_wconf 88' lang='lat' dir='ltr'>quidam,</span> <span class='ocrx_word' id='word_1_405' title='bbox 1394 3186 1520 3256; x_wconf 87' lang='lat' dir='ltr'>Bertum,</span> <span class='ocrx_word' id='word_1_406' title='bbox 1534 3185 1749 3258; x_wconf 90' lang='lat' dir='ltr'>Hugonisregis</span> <span class='ocrx_word' id='word_1_407' title='bbox 1762 3202 1821 3239; x_wconf 92' lang='lat' dir='ltr'>ma-</span> 
     </span>
     <span class='ocr_line' id='line_1_34' title="bbox 117 3271 1818 3346; baseline -0.001 -17"><span class='ocrx_word' id='word_1_408' title='bbox 117 3289 185 3346; x_wconf 89' lang='lat' dir='ltr'>que,</span> <span class='ocrx_word' id='word_1_409' title='bbox 203 3273 240 3329; x_wconf 94' lang='lat' dir='ltr'>ob</span> <span class='ocrx_word' id='word_1_410' title='bbox 256 3271 429 3329; x_wconf 91' lang='lat' dir='ltr'>munitionis</span> <span class='ocrx_word' id='word_1_411' title='bbox 444 3273 650 3329; x_wconf 86' lang='lat' dir='ltr'>confidentiam</span> <span class='ocrx_word' id='word_1_412' title='bbox 662 3272 941 3346; x_wconf 84' lang='lat' dir='ltr'>relietolongeexor·</span> <span class='ocrx_word' id='word_1_413' title='bbox 999 3278 1084 3335; x_wconf 91' lang='lat' dir='ltr'>trem,</span> <span class='ocrx_word' id='word_1_414' title='bbox 1101 3272 1255 3330; x_wconf 88' lang='lat' dir='ltr'>Adelborto</span> <span class='ocrx_word' id='word_1_415' title='bbox 1272 3273 1434 3329; x_wconf 91' lang='lat' dir='ltr'>marchioni</span> <span class='ocrx_word' id='word_1_416' title='bbox 1450 3273 1512 3330; x_wconf 85' lang='lat' dir='ltr'>viro</span> <span class='ocrx_word' id='word_1_417' title='bbox 1528 3292 1580 3330; x_wconf 93' lang='lat' dir='ltr'>suo</span> <span class='ocrx_word' id='word_1_418' title='bbox 1592 3274 1706 3329; x_wconf 91' lang='lat' dir='ltr'>nullum</span> <span class='ocrx_word' id='word_1_419' title='bbox 1723 3273 1818 3329; x_wconf 82' lang='lat' dir='ltr'>filium</span> 
     </span>
     <span class='ocr_line' id='line_1_35' title="bbox 117 3360 1817 3435; baseline -0.001 -16"><span class='ocrx_word' id='word_1_420' title='bbox 117 3363 188 3431; x_wconf 91' lang='lat' dir='ltr'>citu,</span> <span class='ocrx_word' id='word_1_421' title='bbox 205 3378 273 3418; x_wconf 91' lang='lat' dir='ltr'>cum</span> <span class='ocrx_word' id='word_1_422' title='bbox 288 3361 389 3434; x_wconf 90' lang='lat' dir='ltr'>paucis</span> <span class='ocrx_word' id='word_1_423' title='bbox 415 3362 537 3419; x_wconf 86' lang='lat' dir='ltr'>Romam</span> <span class='ocrx_word' id='word_1_424' title='bbox 562 3362 689 3418; x_wconf 87' lang='lat' dir='ltr'>advenit.</span> <span class='ocrx_word' id='word_1_425' title='bbox 719 3364 780 3427; x_wconf 84' lang='lat' dir='ltr'>Quo</span> <span class='ocrx_word' id='word_1_426' title='bbox 805 3361 942 3417; x_wconf 90' lang='lat' dir='ltr'>decenter</span> <span class='ocrx_word' id='word_1_427' title='bbox 997 3361 1155 3435; x_wconf 85' lang='lat' dir='ltr'>peperisse,</span> <span class='ocrx_word' id='word_1_428' title='bbox 1173 3361 1222 3417; x_wconf 90' lang='lat' dir='ltr'>sed</span> <span class='ocrx_word' id='word_1_429' title='bbox 1239 3360 1355 3417; x_wconf 90' lang='lat' dir='ltr'>ebaliis</span> <span class='ocrx_word' id='word_1_430' title='bbox 1379 3361 1643 3417; x_wconf 89' lang='lat' dir='ltr'>mulieribuselam</span> <span class='ocrx_word' id='word_1_431' title='bbox 1672 3367 1817 3432; x_wconf 90' lang='lat' dir='ltr'>acceptos,</span> 
     </span>
     <span class='ocr_line' id='line_1_36' title="bbox 117 3449 1819 3523; baseline -0.003 -15"><span class='ocrx_word' id='word_1_432' title='bbox 117 3468 135 3508; x_wconf 89' lang='lat' dir='ltr'>a</span> <span class='ocrx_word' id='word_1_433' title='bbox 150 3449 289 3508; x_wconf 86' lang='lat' dir='ltr'>Romanis</span> <span class='ocrx_word' id='word_1_434' title='bbox 304 3456 469 3523; x_wconf 88' lang='lat' dir='ltr'>susceptus,</span> <span class='ocrx_word' id='word_1_435' title='bbox 482 3451 511 3506; x_wconf 93' lang='lat' dir='ltr'>iu</span> <span class='ocrx_word' id='word_1_436' title='bbox 520 3451 688 3523; x_wconf 82' lang='lat' dir='ltr'>predictam</span> <span class='ocrx_word' id='word_1_437' title='bbox 703 3450 940 3505; x_wconf 89' lang='lat' dir='ltr'>munitionemad</span> <span class='ocrx_word' id='word_1_438' title='bbox 998 3449 1138 3506; x_wconf 89' lang='lat' dir='ltr'>simulato</span> <span class='ocrx_word' id='word_1_439' title='bbox 1155 3454 1249 3522; x_wconf 89' lang='lat' dir='ltr'>partu,</span> <span class='ocrx_word' id='word_1_440' title='bbox 1264 3451 1417 3506; x_wconf 89' lang='lat' dir='ltr'>Widouem</span> <span class='ocrx_word' id='word_1_441' title='bbox 1432 3455 1461 3506; x_wconf 90' lang='lat' dir='ltr'>et</span> <span class='ocrx_word' id='word_1_442' title='bbox 1476 3450 1664 3505; x_wconf 87' lang='lat' dir='ltr'>Lambertum</span> <span class='ocrx_word' id='word_1_443' title='bbox 1680 3449 1735 3503; x_wconf 93' lang='lat' dir='ltr'>sibi</span> <span class='ocrx_word' id='word_1_444' title='bbox 1749 3466 1819 3519; x_wconf 92' lang='lat' dir='ltr'>sup-</span> 
     </span>
     <span class='ocr_line' id='line_1_37' title="bbox 116 3535 1821 3611; baseline -0.005 -13"><span class='ocrx_word' id='word_1_445' title='bbox 116 3540 249 3598; x_wconf 83' lang='lat' dir='ltr'>hlaroziae</span> <span class='ocrx_word' id='word_1_446' title='bbox 265 3539 429 3596; x_wconf 87' lang='lat' dir='ltr'>meretricis</span> <span class='ocrx_word' id='word_1_447' title='bbox 443 3540 477 3579; x_wconf 77' lang='lat'>²³⁹</span> <span class='ocrx_word' id='word_1_448' title='bbox 488 3538 653 3595; x_wconf 88' lang='lat' dir='ltr'>thalamum</span> <span class='ocrx_word' id='word_1_449' title='bbox 669 3538 834 3604; x_wconf 86' lang='lat' dir='ltr'>declinavit,</span> <span class='ocrx_word' id='word_1_450' title='bbox 850 3538 940 3610; x_wconf 85' lang='lat' dir='ltr'>Cujus</span> <span class='ocrx_word' id='word_1_451' title='bbox 998 3539 1144 3611; x_wconf 88' lang='lat' dir='ltr'>posuisse,</span> <span class='ocrx_word' id='word_1_452' title='bbox 1161 3538 1300 3611; x_wconf 88' lang='lat' dir='ltr'>quatinus</span> <span class='ocrx_word' id='word_1_453' title='bbox 1320 3542 1387 3610; x_wconf 86' lang='lat' dir='ltr'>post</span> <span class='ocrx_word' id='word_1_454' title='bbox 1402 3542 1528 3594; x_wconf 91' lang='lat' dir='ltr'>mortem</span> <span class='ocrx_word' id='word_1_455' title='bbox 1542 3535 1700 3606; x_wconf 84' lang='lat' dir='ltr'>Adelbcrti,</span> <span class='ocrx_word' id='word_1_456' title='bbox 1718 3537 1821 3591; x_wconf 74' lang='lat' dir='ltr'>Bartae·</span> 
     </span>
     <span class='ocr_line' id='line_1_38' title="bbox 115 3623 1821 3701; baseline -0.004 -16"><span class='ocrx_word' id='word_1_457' title='bbox 115 3627 226 3685; x_wconf 86' lang='lat' dir='ltr'>incesto</span> <span class='ocrx_word' id='word_1_458' title='bbox 242 3629 313 3684; x_wconf 89' lang='lat' dir='ltr'>dum</span> <span class='ocrx_word' id='word_1_459' title='bbox 326 3629 519 3701; x_wconf 82' lang='lat' dir='ltr'>potitusesset</span> <span class='ocrx_word' id='word_1_460' title='bbox 529 3627 940 3699; x_wconf 86' lang='lat' dir='ltr'>concubitu,Romanosquasi</span> <span class='ocrx_word' id='word_1_461' title='bbox 997 3628 1049 3684; x_wconf 83' lang='lat' dir='ltr'>filii</span> <span class='ocrx_word' id='word_1_462' title='bbox 1066 3645 1123 3684; x_wconf 91' lang='lat' dir='ltr'>non</span> <span class='ocrx_word' id='word_1_463' title='bbox 1139 3629 1284 3691; x_wconf 89' lang='lat' dir='ltr'>deessent,</span> <span class='ocrx_word' id='word_1_464' title='bbox 1296 3642 1423 3698; x_wconf 85' lang='lat' dir='ltr'>quorum</span> <span class='ocrx_word' id='word_1_465' title='bbox 1438 3625 1583 3698; x_wconf 90' lang='lat' dir='ltr'>adjutorio</span> <span class='ocrx_word' id='word_1_466' title='bbox 1596 3641 1713 3680; x_wconf 93' lang='lat' dir='ltr'>omnem</span> <span class='ocrx_word' id='word_1_467' title='bbox 1724 3623 1821 3679; x_wconf 90' lang='lat' dir='ltr'>mariti</span> 
     </span>
     <span class='ocr_line' id='line_1_39' title="bbox 111 3712 1820 3791; baseline -0.003 -16"><span class='ocrx_word' id='word_1_468' title='bbox 111 3718 176 3791; x_wconf 77' lang='lat' dir='ltr'>jam</span> <span class='ocrx_word' id='word_1_469' title='bbox 194 3716 942 3791; x_wconf 88' lang='lat' dir='ltr'>securusdespiaerecoepit.HabueretsaneMorazia</span> <span class='ocrx_word' id='word_1_470' title='bbox 996 3717 1043 3774; x_wconf 88' lang='lat' dir='ltr'>sui</span> <span class='ocrx_word' id='word_1_471' title='bbox 1059 3716 1218 3789; x_wconf 91' lang='lat' dir='ltr'>potentiam</span> <span class='ocrx_word' id='word_1_472' title='bbox 1235 3714 1408 3788; x_wconf 87' lang='lat' dir='ltr'>possideret.</span> <span class='ocrx_word' id='word_1_473' title='bbox 1427 3715 1484 3770; x_wconf 91' lang='lat' dir='ltr'>lloe</span> <span class='ocrx_word' id='word_1_474' title='bbox 1512 3718 1610 3770; x_wconf 91' lang='lat' dir='ltr'>autem</span> <span class='ocrx_word' id='word_1_475' title='bbox 1638 3712 1820 3770; x_wconf 90' lang='lat' dir='ltr'>mendatium</span> 
     </span>
     <span class='ocr_line' id='line_1_40' title="bbox 113 3802 1820 3879; baseline -0.002 -16"><span class='ocrx_word' id='word_1_476' title='bbox 113 3806 209 3864; x_wconf 83' lang='lat' dir='ltr'>silium</span> <span class='ocrx_word' id='word_1_477' title='bbox 227 3806 344 3862; x_wconf 92' lang='lat' dir='ltr'>nomine</span> <span class='ocrx_word' id='word_1_478' title='bbox 358 3806 537 3872; x_wconf 76' lang='lat' dir='ltr'>hibericum,</span> <span class='ocrx_word' id='word_1_479' title='bbox 554 3824 641 3879; x_wconf 91' lang='lat' dir='ltr'>quem</span> <span class='ocrx_word' id='word_1_480' title='bbox 656 3823 691 3863; x_wconf 88' lang='lat' dir='ltr'>ex</span> <span class='ocrx_word' id='word_1_481' title='bbox 705 3805 836 3861; x_wconf 81' lang='lat' dir='ltr'>hiberico</span> <span class='ocrx_word' id='word_1_482' title='bbox 849 3822 941 3860; x_wconf 69' lang='lat' dir='ltr'>marn</span> <span class='ocrx_word' id='word_1_483' title='bbox 997 3805 1068 3860; x_wconf 87' lang='lat' dir='ltr'>milri</span> <span class='ocrx_word' id='word_1_484' title='bbox 1085 3806 1148 3860; x_wconf 92' lang='lat' dir='ltr'>ideo</span> <span class='ocrx_word' id='word_1_485' title='bbox 1164 3802 1820 3876; x_wconf 79' lang='lat' dir='ltr'>videturesseinventum,quatinusineestum</span> 
     </span>
     <span class='ocr_line' id='line_1_41' title="bbox 114 3892 1817 3968; baseline -0.004 -15"><span class='ocrx_word' id='word_1_486' title='bbox 114 3895 220 3953; x_wconf 90' lang='lat' dir='ltr'>chione</span> <span class='ocrx_word' id='word_1_487' title='bbox 234 3897 300 3968; x_wconf 89' lang='lat' dir='ltr'>ipse</span> <span class='ocrx_word' id='word_1_488' title='bbox 314 3900 464 3968; x_wconf 89' lang='lat' dir='ltr'>genuerat.</span> <span class='ocrx_word' id='word_1_489' title='bbox 477 3896 530 3960; x_wconf 89' lang='lat' dir='ltr'>Qui</span> <span class='ocrx_word' id='word_1_490' title='bbox 547 3895 617 3951; x_wconf 92' lang='lat' dir='ltr'>dum</span> <span class='ocrx_word' id='word_1_491' title='bbox 633 3896 737 3952; x_wconf 91' lang='lat' dir='ltr'>matris</span> <span class='ocrx_word' id='word_1_492' title='bbox 752 3895 869 3951; x_wconf 91' lang='lat' dir='ltr'>hortatu</span> <span class='ocrx_word' id='word_1_493' title='bbox 884 3895 941 3951; x_wconf 91' lang='lat' dir='ltr'>Hu-</span> <span class='ocrx_word' id='word_1_494' title='bbox 995 3893 1152 3950; x_wconf 88' lang='lat' dir='ltr'>suumhac</span> <span class='ocrx_word' id='word_1_495' title='bbox 1179 3892 1330 3949; x_wconf 85' lang='lat' dir='ltr'>occasione</span> <span class='ocrx_word' id='word_1_496' title='bbox 1354 3909 1404 3949; x_wconf 83' lang='lat' dir='ltr'>rex</span> <span class='ocrx_word' id='word_1_497' title='bbox 1428 3893 1511 3965; x_wconf 90' lang='lat' dir='ltr'>Hugo</span> <span class='ocrx_word' id='word_1_498' title='bbox 1539 3897 1659 3966; x_wconf 89' lang='lat' dir='ltr'>tegeret,</span> <span class='ocrx_word' id='word_1_499' title='bbox 1690 3893 1817 3948; x_wconf 69' lang='lat' dir='ltr'>infamiae</span> 
     </span>
     <span class='ocr_line' id='line_1_42' title="bbox 113 3982 1819 4058; baseline -0.002 -18"><span class='ocrx_word' id='word_1_500' title='bbox 113 3984 185 4058; x_wconf 89' lang='lat' dir='ltr'>geni</span> <span class='ocrx_word' id='word_1_501' title='bbox 195 3984 265 4057; x_wconf 91' lang='lat' dir='ltr'>regi,</span> <span class='ocrx_word' id='word_1_502' title='bbox 277 3983 378 4040; x_wconf 88' lang='lat' dir='ltr'>vitrico</span> <span class='ocrx_word' id='word_1_503' title='bbox 387 3984 509 4056; x_wconf 91' lang='lat' dir='ltr'>scilicet,</span> <span class='ocrx_word' id='word_1_504' title='bbox 521 4001 629 4057; x_wconf 88' lang='lat' dir='ltr'>aquam</span> <span class='ocrx_word' id='word_1_505' title='bbox 639 3984 782 4052; x_wconf 84' lang='lat' dir='ltr'>tunderet,</span> <span class='ocrx_word' id='word_1_506' title='bbox 794 3988 941 4040; x_wconf 88' lang='lat' dir='ltr'>utmanus</span> <span class='ocrx_word' id='word_1_507' title='bbox 995 3992 1073 4056; x_wconf 76' lang='grc' dir='ltr'><strong>ὺεριν,</strong></span> <span class='ocrx_word' id='word_1_508' title='bbox 1085 3983 1113 4038; x_wconf 93' lang='lat' dir='ltr'>id</span> <span class='ocrx_word' id='word_1_509' title='bbox 1130 3986 1173 4039; x_wconf 91' lang='lat' dir='ltr'>cst</span> <span class='ocrx_word' id='word_1_510' title='bbox 1187 3982 1412 4055; x_wconf 88' lang='lat' dir='ltr'>turpitudinem.</span> <span class='ocrx_word' id='word_1_511' title='bbox 1431 3983 1573 4045; x_wconf 79' lang='lat' dir='ltr'>evaderet.</span> <span class='ocrx_word' id='word_1_512' title='bbox 1590 3983 1631 4038; x_wconf 80' lang='lat' dir='ltr'>Ea</span> <span class='ocrx_word' id='word_1_513' title='bbox 1645 3986 1744 4039; x_wconf 88' lang='lat' dir='ltr'>tamen</span> <span class='ocrx_word' id='word_1_514' title='bbox 1756 3999 1819 4054; x_wconf 77' lang='lat' dir='ltr'>qum</span> 
     </span>
     <span class='ocr_line' id='line_1_43' title="bbox 114 4070 1822 4146; baseline -0.002 -16"><span class='ocrx_word' id='word_1_515' title='bbox 114 4072 256 4139; x_wconf 88' lang='lat' dir='ltr'>ablueret,</span> <span class='ocrx_word' id='word_1_516' title='bbox 274 4073 309 4129; x_wconf 90' lang='lat' dir='ltr'>ab</span> <span class='ocrx_word' id='word_1_517' title='bbox 322 4073 357 4109; x_wconf 76' lang='lat'>¹⁸⁰</span> <span class='ocrx_word' id='word_1_518' title='bbox 370 4090 403 4129; x_wconf 89' lang='lat' dir='ltr'>eo</span> <span class='ocrx_word' id='word_1_519' title='bbox 419 4091 471 4146; x_wconf 91' lang='lat' dir='ltr'>pro</span> <span class='ocrx_word' id='word_1_520' title='bbox 487 4074 664 4129; x_wconf 89' lang='lat' dir='ltr'>correctione</span> <span class='ocrx_word' id='word_1_521' title='bbox 680 4074 710 4129; x_wconf 90' lang='lat' dir='ltr'>in</span> <span class='ocrx_word' id='word_1_522' title='bbox 725 4072 828 4129; x_wconf 81' lang='lat' dir='ltr'>taciem</span> <span class='ocrx_word' id='word_1_523' title='bbox 855 4090 940 4129; x_wconf 86' lang='lat' dir='ltr'>cesus</span> <span class='ocrx_word' id='word_1_524' title='bbox 995 4089 1073 4128; x_wconf 91' lang='lat' dir='ltr'>nune</span> <span class='ocrx_word' id='word_1_525' title='bbox 1083 4070 1228 4127; x_wconf 88' lang='lat' dir='ltr'>narranda</span> <span class='ocrx_word' id='word_1_526' title='bbox 1243 4074 1298 4139; x_wconf 88' lang='lat' dir='ltr'>ost,</span> <span class='ocrx_word' id='word_1_527' title='bbox 1315 4071 1432 4127; x_wconf 90' lang='lat' dir='ltr'>curhoe</span> <span class='ocrx_word' id='word_1_528' title='bbox 1444 4071 1555 4127; x_wconf 91' lang='lat' dir='ltr'>dictum</span> <span class='ocrx_word' id='word_1_529' title='bbox 1568 4071 1615 4138; x_wconf 91' lang='lat' dir='ltr'>sit,</span> <span class='ocrx_word' id='word_1_530' title='bbox 1628 4070 1822 4127; x_wconf 79' lang='lat' dir='ltr'>verisimilior</span> 
     </span>
     <span class='ocr_line' id='line_1_44' title="bbox 114 4159 1819 4233; baseline -0.002 -15"><span class='ocrx_word' id='word_1_531' title='bbox 114 4164 171 4230; x_wconf 88' lang='lat' dir='ltr'>est,</span> <span class='ocrx_word' id='word_1_532' title='bbox 187 4177 220 4216; x_wconf 92' lang='lat' dir='ltr'>eo</span> <span class='ocrx_word' id='word_1_533' title='bbox 236 4159 314 4232; x_wconf 89' lang='lat' dir='ltr'>quod</span> <span class='ocrx_word' id='word_1_534' title='bbox 331 4176 389 4215; x_wconf 93' lang='lat' dir='ltr'>non</span> <span class='ocrx_word' id='word_1_535' title='bbox 406 4161 554 4216; x_wconf 91' lang='lat' dir='ltr'>moderate</span> <span class='ocrx_word' id='word_1_536' title='bbox 575 4164 603 4216; x_wconf 92' lang='lat' dir='ltr'>et</span> <span class='ocrx_word' id='word_1_537' title='bbox 626 4161 769 4232; x_wconf 87' lang='lat' dir='ltr'>pudenter</span> <span class='ocrx_word' id='word_1_538' title='bbox 783 4159 816 4194; x_wconf 71' lang='lat'>²⁸¹</span> <span class='ocrx_word' id='word_1_539' title='bbox 832 4176 940 4232; x_wconf 89' lang='lat' dir='ltr'>aquam</span> <span class='ocrx_word' id='word_1_540' title='bbox 995 4161 1066 4217; x_wconf 91' lang='lat' dir='ltr'>mihi</span> <span class='ocrx_word' id='word_1_541' title='bbox 1083 4161 1197 4217; x_wconf 89' lang='lat' dir='ltr'>videtur</span> <span class='ocrx_word' id='word_1_542' title='bbox 1210 4159 1341 4216; x_wconf 86' lang='lat' dir='ltr'>assertio.</span> <span class='ocrx_word' id='word_1_543' title='bbox 1356 4161 1536 4227; x_wconf 85' lang='lat' dir='ltr'>lambertus,</span> <span class='ocrx_word' id='word_1_544' title='bbox 1549 4160 1819 4233; x_wconf 89' lang='lat' dir='ltr'>quipostWidonis</span> 
     </span>
     <span class='ocr_line' id='line_1_45' title="bbox 112 4247 1822 4323; baseline -0.004 -15"><span class='ocrx_word' id='word_1_545' title='bbox 112 4248 286 4308; x_wconf 81' lang='lat' dir='ltr'>effunderet.</span> <span class='ocrx_word' id='word_1_546' title='bbox 303 4249 330 4304; x_wconf 94' lang='lat' dir='ltr'>ls</span> <span class='ocrx_word' id='word_1_547' title='bbox 344 4266 422 4318; x_wconf 82' lang='lat' dir='ltr'>vero,</span> <span class='ocrx_word' id='word_1_548' title='bbox 439 4255 472 4306; x_wconf 88' lang='lat' dir='ltr'>uc</span> <span class='ocrx_word' id='word_1_549' title='bbox 486 4249 609 4305; x_wconf 88' lang='lat' dir='ltr'>inlatam</span> <span class='ocrx_word' id='word_1_550' title='bbox 624 4249 681 4306; x_wconf 92' lang='lat' dir='ltr'>sibi</span> <span class='ocrx_word' id='word_1_551' title='bbox 696 4252 796 4323; x_wconf 89' lang='lat' dir='ltr'>posset</span> <span class='ocrx_word' id='word_1_552' title='bbox 818 4248 937 4305; x_wconf 90' lang='lat' dir='ltr'>ulcissci</span> <span class='ocrx_word' id='word_1_553' title='bbox 995 4249 1154 4306; x_wconf 83' lang='lat' dir='ltr'>fratrissui</span> <span class='ocrx_word' id='word_1_554' title='bbox 1184 4252 1308 4303; x_wconf 90' lang='lat' dir='ltr'>mortem</span> <span class='ocrx_word' id='word_1_555' title='bbox 1324 4249 1434 4303; x_wconf 71' lang='lat' dir='ltr'>Tusciae</span> <span class='ocrx_word' id='word_1_556' title='bbox 1465 4264 1594 4303; x_wconf 90' lang='lat' dir='ltr'>marcam</span> <span class='ocrx_word' id='word_1_557' title='bbox 1624 4249 1750 4313; x_wconf 89' lang='lat' dir='ltr'>tenebat,</span> <span class='ocrx_word' id='word_1_558' title='bbox 1777 4247 1822 4302; x_wconf 79' lang='lat' dir='ltr'>vir</span> 
     </span>
     <span class='ocr_line' id='line_1_46' title="bbox 115 4334 1821 4412; baseline -0.004 -17"><span class='ocrx_word' id='word_1_559' title='bbox 115 4336 460 4412; x_wconf 84' lang='lat' dir='ltr'>injuriam,congregatis</span> <span class='ocrx_word' id='word_1_560' title='bbox 475 4338 505 4393; x_wconf 91' lang='lat' dir='ltr'>ia</span> <span class='ocrx_word' id='word_1_561' title='bbox 515 4338 754 4394; x_wconf 86' lang='lat' dir='ltr'>unumltomaais</span> <span class='ocrx_word' id='word_1_562' title='bbox 770 4338 940 4409; x_wconf 89' lang='lat' dir='ltr'>hujusmodi</span> <span class='ocrx_word' id='word_1_563' title='bbox 965 4334 969 4339; x_wconf 82' lang='grc'><strong>’</strong></span> <span class='ocrx_word' id='word_1_564' title='bbox 995 4342 1057 4393; x_wconf 89' lang='lat' dir='ltr'>erat</span> <span class='ocrx_word' id='word_1_565' title='bbox 1067 4335 1224 4392; x_wconf 90' lang='lat' dir='ltr'>bellicosus</span> <span class='ocrx_word' id='word_1_566' title='bbox 1235 4337 1306 4391; x_wconf 89' lang='lat' dir='ltr'>etad</span> <span class='ocrx_word' id='word_1_567' title='bbox 1321 4335 1471 4406; x_wconf 90' lang='lat' dir='ltr'>quodlibet</span> <span class='ocrx_word' id='word_1_568' title='bbox 1485 4335 1598 4390; x_wconf 86' lang='lat' dir='ltr'>lacinus</span> <span class='ocrx_word' id='word_1_569' title='bbox 1610 4335 1717 4391; x_wconf 85' lang='lat' dir='ltr'>audax.</span> <span class='ocrx_word' id='word_1_570' title='bbox 1730 4335 1821 4398; x_wconf 84' lang='lat' dir='ltr'>Quem</span> 
     </span>
     <span class='ocr_line' id='line_1_47' title="bbox 114 4421 1820 4499; baseline -0.005 -14"><span class='ocrx_word' id='word_1_571' title='bbox 114 4443 166 4485; x_wconf 85' lang='lat' dir='ltr'>eos</span> <span class='ocrx_word' id='word_1_572' title='bbox 182 4443 316 4484; x_wconf 87' lang='lat' dir='ltr'>sermone</span> <span class='ocrx_word' id='word_1_573' title='bbox 331 4426 481 4483; x_wconf 87' lang='lat' dir='ltr'>convenit:</span> <span class='ocrx_word' id='word_1_574' title='bbox 498 4449 512 4477; x_wconf 78' lang='lat' dir='ltr'>a</span> <span class='ocrx_word' id='word_1_575' title='bbox 525 4427 661 4482; x_wconf 77' lang='lat' dir='ltr'>Romanae</span> <span class='ocrx_word' id='word_1_576' title='bbox 672 4426 754 4482; x_wconf 91' lang='lat' dir='ltr'>urbis</span> <span class='ocrx_word' id='word_1_577' title='bbox 770 4425 939 4498; x_wconf 86' lang='lat' dir='ltr'>diguitasad</span> <span class='ocrx_word' id='word_1_578' title='bbox 995 4427 1032 4482; x_wconf 92' lang='lat' dir='ltr'>ob</span> <span class='ocrx_word' id='word_1_579' title='bbox 1048 4441 1170 4499; x_wconf 85' lang='lat' dir='ltr'>regnum</span> <span class='ocrx_word' id='word_1_580' title='bbox 1187 4424 1321 4479; x_wconf 86' lang='lat' dir='ltr'>italicum</span> <span class='ocrx_word' id='word_1_581' title='bbox 1336 4441 1387 4478; x_wconf 88' lang='lat' dir='ltr'>rex</span> <span class='ocrx_word' id='word_1_582' title='bbox 1397 4424 1480 4496; x_wconf 91' lang='lat' dir='ltr'>llugo</span> <span class='ocrx_word' id='word_1_583' title='bbox 1494 4427 1665 4495; x_wconf 90' lang='lat' dir='ltr'>suspectum</span> <span class='ocrx_word' id='word_1_584' title='bbox 1675 4421 1820 4476; x_wconf 88' lang='lat' dir='ltr'>nimisba·</span> 
     </span>
     <span class='ocr_line' id='line_1_48' title="bbox 114 4510 1819 4586; baseline -0.005 -13"><span class='ocrx_word' id='word_1_585' title='bbox 114 4519 229 4573; x_wconf 62' lang='lat' dir='ltr'>mutam</span> <span class='ocrx_word' id='word_1_586' title='bbox 245 4520 289 4572; x_wconf 88' lang='lat' dir='ltr'>est</span> <span class='ocrx_word' id='word_1_587' title='bbox 304 4516 461 4572; x_wconf 87' lang='lat' dir='ltr'>stultitiam</span> <span class='ocrx_word' id='word_1_588' title='bbox 477 4516 575 4583; x_wconf 72' lang='lat' dir='ltr'>dareta,</span> <span class='ocrx_word' id='word_1_589' title='bbox 588 4520 620 4571; x_wconf 92' lang='lat' dir='ltr'>ut</span> <span class='ocrx_word' id='word_1_590' title='bbox 643 4514 828 4571; x_wconf 85' lang='lat' dir='ltr'>meretricum</span> <span class='ocrx_word' id='word_1_591' title='bbox 853 4515 940 4571; x_wconf 88' lang='lat' dir='ltr'>etiam</span> <span class='ocrx_word' id='word_1_592' title='bbox 958 4522 980 4586; x_wconf 88' lang='grc'>[)</span> <span class='ocrx_word' id='word_1_593' title='bbox 996 4515 1092 4572; x_wconf 90' lang='lat' dir='ltr'>bebat.</span> <span class='ocrx_word' id='word_1_594' title='bbox 1109 4514 1244 4569; x_wconf 84' lang='lat' dir='ltr'>&#39;limabat</span> <span class='ocrx_word' id='word_1_595' title='bbox 1260 4512 1339 4568; x_wconf 92' lang='lat' dir='ltr'>onim</span> <span class='ocrx_word' id='word_1_596' title='bbox 1355 4528 1391 4566; x_wconf 92' lang='lat' dir='ltr'>ne</span> <span class='ocrx_word' id='word_1_597' title='bbox 1416 4510 1568 4566; x_wconf 90' lang='lat' dir='ltr'>ltalieuses</span> <span class='ocrx_word' id='word_1_598' title='bbox 1586 4526 1616 4566; x_wconf 87' lang='lat' dir='ltr'>se</span> <span class='ocrx_word' id='word_1_599' title='bbox 1641 4511 1819 4576; x_wconf 88' lang='lat' dir='ltr'>desererent,</span> 
     </span>
     <span class='ocr_line' id='line_1_49' title="bbox 114 4599 1818 4678; baseline -0.004 -17"><span class='ocrx_word' id='word_1_600' title='bbox 114 4604 240 4678; x_wconf 89' lang='lat' dir='ltr'>imperio</span> <span class='ocrx_word' id='word_1_601' title='bbox 256 4608 376 4678; x_wconf 71' lang='lat' dir='ltr'>paroeat.</span> <span class='ocrx_word' id='word_1_602' title='bbox 394 4605 468 4670; x_wconf 87' lang='lat' dir='ltr'>Quid</span> <span class='ocrx_word' id='word_1_603' title='bbox 484 4605 563 4660; x_wconf 91' lang='lat' dir='ltr'>enim</span> <span class='ocrx_word' id='word_1_604' title='bbox 580 4603 685 4673; x_wconf 79' lang='lat' dir='ltr'>fedius,</span> <span class='ocrx_word' id='word_1_605' title='bbox 698 4603 804 4677; x_wconf 86' lang='lat' dir='ltr'>quidve</span> <span class='ocrx_word' id='word_1_606' title='bbox 813 4604 940 4677; x_wconf 91' lang='lat' dir='ltr'>turpius,</span> <span class='ocrx_word' id='word_1_607' title='bbox 995 4609 1023 4661; x_wconf 89' lang='lat' dir='ltr'>et</span> <span class='ocrx_word' id='word_1_608' title='bbox 1039 4606 1228 4660; x_wconf 88' lang='lat' dir='ltr'>Lambertum</span> <span class='ocrx_word' id='word_1_609' title='bbox 1252 4600 1583 4675; x_wconf 86' lang='lat' dir='ltr'>regcmconstituercut.</span> <span class='ocrx_word' id='word_1_610' title='bbox 1600 4601 1673 4656; x_wconf 88' lang='lat' dir='ltr'>Boso</span> <span class='ocrx_word' id='word_1_611' title='bbox 1682 4599 1818 4672; x_wconf 88' lang='lat' dir='ltr'>denique,</span> 
     </span>
     <span class='ocr_line' id='line_1_50' title="bbox 114 4688 1822 4768; baseline -0.004 -17"><span class='ocrx_word' id='word_1_612' title='bbox 114 4709 207 4768; x_wconf 86' lang='lat' dir='ltr'>quom</span> <span class='ocrx_word' id='word_1_613' title='bbox 223 4698 256 4749; x_wconf 92' lang='lat' dir='ltr'>ut</span> <span class='ocrx_word' id='word_1_614' title='bbox 271 4695 359 4750; x_wconf 92' lang='lat' dir='ltr'>unius</span> <span class='ocrx_word' id='word_1_615' title='bbox 385 4693 518 4751; x_wconf 90' lang='lat' dir='ltr'>mulieris</span> <span class='ocrx_word' id='word_1_616' title='bbox 541 4694 656 4750; x_wconf 89' lang='lat' dir='ltr'>incestu</span> <span class='ocrx_word' id='word_1_617' title='bbox 681 4692 813 4748; x_wconf 85' lang='lat' dir='ltr'>Romane</span> <span class='ocrx_word' id='word_1_618' title='bbox 840 4691 941 4749; x_wconf 84' lang='lat' dir='ltr'>civitas</span> <span class='ocrx_word' id='word_1_619' title='bbox 995 4711 1030 4751; x_wconf 85' lang='lat' dir='ltr'>ex</span> <span class='ocrx_word' id='word_1_620' title='bbox 1045 4693 1148 4749; x_wconf 89' lang='lat' dir='ltr'>eodem</span> <span class='ocrx_word' id='word_1_621' title='bbox 1167 4696 1247 4765; x_wconf 89' lang='lat' dir='ltr'>patre</span> <span class='ocrx_word' id='word_1_622' title='bbox 1262 4692 1339 4765; x_wconf 87' lang='lat' dir='ltr'>regis</span> <span class='ocrx_word' id='word_1_623' title='bbox 1366 4691 1497 4763; x_wconf 85' lang='lat' dir='ltr'>liugouis</span> <span class='ocrx_word' id='word_1_624' title='bbox 1519 4690 1620 4757; x_wconf 83' lang='lat' dir='ltr'>trater,</span> <span class='ocrx_word' id='word_1_625' title='bbox 1645 4688 1822 4745; x_wconf 90' lang='lat' dir='ltr'>insidiarum</span> 
     </span>
     <span class='ocr_line' id='line_1_51' title="bbox 114 4776 1823 4856; baseline -0.004 -17"><span class='ocrx_word' id='word_1_626' title='bbox 114 4782 232 4856; x_wconf 79' lang='lat' dir='ltr'>pereat?</span> <span class='ocrx_word' id='word_1_627' title='bbox 247 4783 446 4839; x_wconf 82' lang='lat' dir='ltr'>Romanorum</span> <span class='ocrx_word' id='word_1_628' title='bbox 458 4781 708 4855; x_wconf 89' lang='lat' dir='ltr'>aliquandoservi,</span> <span class='ocrx_word' id='word_1_629' title='bbox 719 4781 941 4855; x_wconf 82' lang='lat' dir='ltr'>burgundiones</span> <span class='ocrx_word' id='word_1_630' title='bbox 996 4784 1117 4855; x_wconf 89' lang='lat' dir='ltr'>laqueos</span> <span class='ocrx_word' id='word_1_631' title='bbox 1132 4781 1202 4838; x_wconf 89' lang='lat' dir='ltr'>huic</span> <span class='ocrx_word' id='word_1_632' title='bbox 1216 4784 1377 4854; x_wconf 86' lang='lat' dir='ltr'>paraverat,</span> <span class='ocrx_word' id='word_1_633' title='bbox 1394 4797 1427 4835; x_wconf 94' lang='lat' dir='ltr'>eo</span> <span class='ocrx_word' id='word_1_634' title='bbox 1443 4780 1520 4852; x_wconf 92' lang='lat' dir='ltr'>quod</span> <span class='ocrx_word' id='word_1_635' title='bbox 1536 4779 1600 4852; x_wconf 90' lang='lat' dir='ltr'>ipse</span> <span class='ocrx_word' id='word_1_636' title='bbox 1614 4776 1746 4834; x_wconf 90' lang='lat' dir='ltr'>marchio</span> <span class='ocrx_word' id='word_1_637' title='bbox 1760 4778 1823 4833; x_wconf 88' lang='lat' dir='ltr'>Tu-</span> 
     </span>
     <span class='ocr_line' id='line_1_52' title="bbox 114 4865 1823 4945; baseline -0.006 -15"><span class='ocrx_word' id='word_1_638' title='bbox 114 4869 238 4939; x_wconf 78' lang='lat' dir='ltr'>scilieat,</span> <span class='ocrx_word' id='word_1_639' title='bbox 255 4870 736 4944; x_wconf 74' lang='lat' dir='ltr'>Romanieimperenustmoom</span> <span class='ocrx_word' id='word_1_640' title='bbox 754 4871 940 4945; x_wconf 87' lang='lat' dir='ltr'>privignisei-</span> <span class='ocrx_word' id='word_1_641' title='bbox 997 4873 1063 4929; x_wconf 78' lang='lat' dir='ltr'>sciar</span> <span class='ocrx_word' id='word_1_642' title='bbox 1080 4871 1142 4927; x_wconf 88' lang='lat' dir='ltr'>fieri</span> <span class='ocrx_word' id='word_1_643' title='bbox 1172 4871 1358 4926; x_wconf 90' lang='lat' dir='ltr'>vehementer</span> <span class='ocrx_word' id='word_1_644' title='bbox 1387 4866 1553 4925; x_wconf 88' lang='lat' dir='ltr'>anhelabat.</span> <span class='ocrx_word' id='word_1_645' title='bbox 1582 4866 1709 4924; x_wconf 89' lang='lat' dir='ltr'>Consilio</span> <span class='ocrx_word' id='word_1_646' title='bbox 1731 4865 1823 4938; x_wconf 88' lang='lat' dir='ltr'>igitur</span> 
     </span>
     <span class='ocr_line' id='line_1_53' title="bbox 114 4955 1815 5033; baseline -0.005 -16"><span class='ocrx_word' id='word_1_647' title='bbox 114 4958 186 5017; x_wconf 90' lang='lat' dir='ltr'>licet</span> <span class='ocrx_word' id='word_1_648' title='bbox 201 4960 258 5029; x_wconf 93' lang='lat' dir='ltr'>sui,</span> <span class='ocrx_word' id='word_1_649' title='bbox 276 4960 379 5018; x_wconf 84' lang='lat' dir='ltr'>faciem</span> <span class='ocrx_word' id='word_1_650' title='bbox 395 4959 509 5027; x_wconf 85' lang='lat' dir='ltr'>cecidit,</span> <span class='ocrx_word' id='word_1_651' title='bbox 525 4976 592 5016; x_wconf 92' lang='lat' dir='ltr'>eum</span> <span class='ocrx_word' id='word_1_652' title='bbox 609 4961 771 5032; x_wconf 81' lang='lat' dir='ltr'>presertim</span> <span class='ocrx_word' id='word_1_653' title='bbox 787 4977 878 5017; x_wconf 90' lang='lat' dir='ltr'>novus</span> <span class='ocrx_word' id='word_1_654' title='bbox 889 4960 942 5017; x_wconf 87' lang='lat' dir='ltr'>he·</span> <span class='ocrx_word' id='word_1_655' title='bbox 997 4962 1088 5033; x_wconf 87' lang='lat' dir='ltr'>hujus</span> <span class='ocrx_word' id='word_1_656' title='bbox 1098 4962 1130 4996; x_wconf 71' lang='lat'>²⁶⁷</span> <span class='ocrx_word' id='word_1_657' title='bbox 1141 4977 1192 5015; x_wconf 83' lang='lat' dir='ltr'>rex</span> <span class='ocrx_word' id='word_1_658' title='bbox 1202 4959 1284 5032; x_wconf 86' lang='lat' dir='ltr'>llugo</span> <span class='ocrx_word' id='word_1_659' title='bbox 1298 4959 1452 5014; x_wconf 88' lang='lat' dir='ltr'>Lamberto</span> <span class='ocrx_word' id='word_1_660' title='bbox 1464 4957 1639 5014; x_wconf 88' lang='lat' dir='ltr'>cominando</span> <span class='ocrx_word' id='word_1_661' title='bbox 1650 4955 1815 5019; x_wconf 88' lang='lat' dir='ltr'>denuntiat,</span> 
     </span>
     <span class='ocr_line' id='line_1_54' title="bbox 114 5046 1814 5122; baseline -0.004 -16"><span class='ocrx_word' id='word_1_662' title='bbox 114 5048 221 5106; x_wconf 89' lang='lat' dir='ltr'>beatur</span> <span class='ocrx_word' id='word_1_663' title='bbox 235 5048 352 5122; x_wconf 87' lang='lat' dir='ltr'>hospes,</span> <span class='ocrx_word' id='word_1_664' title='bbox 368 5049 439 5122; x_wconf 93' lang='lat' dir='ltr'>quid</span> <span class='ocrx_word' id='word_1_665' title='bbox 452 5047 535 5104; x_wconf 86' lang='lat' dir='ltr'>vobis</span> <span class='ocrx_word' id='word_1_666' title='bbox 546 5048 609 5119; x_wconf 88' lang='lat' dir='ltr'>jam</span> <span class='ocrx_word' id='word_1_667' title='bbox 630 5047 824 5105; x_wconf 85' lang='lat' dir='ltr'>inveteratum</span> <span class='ocrx_word' id='word_1_668' title='bbox 850 5049 944 5106; x_wconf 88' lang='lat' dir='ltr'>lacere</span> <span class='ocrx_word' id='word_1_669' title='bbox 999 5066 1035 5107; x_wconf 92' lang='lat' dir='ltr'>ne</span> <span class='ocrx_word' id='word_1_670' title='bbox 1050 5067 1081 5107; x_wconf 88' lang='lat' dir='ltr'>se</span> <span class='ocrx_word' id='word_1_671' title='bbox 1096 5051 1313 5105; x_wconf 88' lang='lat' dir='ltr'>tmtremsuum</span> <span class='ocrx_word' id='word_1_672' title='bbox 1327 5046 1454 5119; x_wconf 90' lang='lat' dir='ltr'>amplius</span> <span class='ocrx_word' id='word_1_673' title='bbox 1466 5047 1562 5103; x_wconf 86' lang='lat' dir='ltr'>dicere</span> <span class='ocrx_word' id='word_1_674' title='bbox 1574 5046 1814 5110; x_wconf 82' lang='lat' dir='ltr'>audeatlsvero,</span> 
     </span>
    </p>
   </div>
   <div class='ocr_carea' id='block_1_4' title="bbox 796 5162 1163 5223">
    <p class='ocr_par' dir='ltr' id='par_1_6' title="bbox 796 5162 1163 5223">
     <span class='ocr_line' id='line_1_55' title="bbox 796 5162 1163 5223; baseline 0.005 -6"><span class='ocrx_word' id='word_1_675' title='bbox 796 5162 917 5221; x_wconf 81' lang='lat' dir='ltr'>VARIAE</span> <span class='ocrx_word' id='word_1_676' title='bbox 936 5166 1163 5223; x_wconf 76' lang='lat' dir='ltr'>Lucutottttus</span> 
     </span>
    </p>
   </div>
   <div class='ocr_carea' id='block_1_5' title="bbox 115 5260 1827 5463">
    <p class='ocr_par' dir='ltr' id='par_1_7' title="bbox 115 5260 1827 5463">
     <span class='ocr_line' id='line_1_56' title="bbox 160 5260 1827 5336; baseline -0.004 -17"><span class='ocrx_word' id='word_1_677' title='bbox 160 5263 375 5319; x_wconf 63' lang='lat' dir='ltr'>’l&#39;commutus</span> <span class='ocrx_word' id='word_1_678' title='bbox 392 5264 417 5319; x_wconf 93' lang='grc'>1.</span> <span class='ocrx_word' id='word_1_679' title='bbox 456 5263 489 5297; x_wconf 79' lang='lat'>¹³⁸</span> <span class='ocrx_word' id='word_1_680' title='bbox 506 5262 550 5320; x_wconf 79' lang='lat' dir='ltr'>tie</span> <span class='ocrx_word' id='word_1_681' title='bbox 562 5261 640 5319; x_wconf 84' lang='lat' dir='ltr'>uliud</span> <span class='ocrx_word' id='word_1_682' title='bbox 654 5269 735 5334; x_wconf 86' lang='lat' dir='ltr'>caput</span> <span class='ocrx_word' id='word_1_683' title='bbox 748 5263 868 5332; x_wconf 82' lang='lat' dir='ltr'>incipere</span> <span class='ocrx_word' id='word_1_684' title='bbox 882 5264 1007 5322; x_wconf 76' lang='lat' dir='ltr'>codcal.</span> <span class='ocrx_word' id='word_1_685' title='bbox 1023 5264 1181 5336; x_wconf 73' lang='lat' dir='ltr'>significare</span> <span class='ocrx_word' id='word_1_686' title='bbox 1194 5261 1311 5316; x_wconf 68' lang='lat' dir='ltr'>tristetur.</span> <span class='ocrx_word' id='word_1_687' title='bbox 1350 5260 1594 5317; x_wconf 76' lang='lat' dir='ltr'>²³⁹miretricisl.</span> <span class='ocrx_word' id='word_1_688' title='bbox 1623 5261 1657 5295; x_wconf 63' lang='lat'>²⁴⁰</span> <span class='ocrx_word' id='word_1_689' title='bbox 1679 5261 1827 5330; x_wconf 82' lang='lat' dir='ltr'>lrr&#39;cproac·</span> 
     </span>
     <span class='ocr_line' id='line_1_57' title="bbox 115 5331 1824 5463; baseline -0.005 -74"><span class='ocrx_word' id='word_1_690' title='bbox 115 5333 768 5463; x_wconf 35' lang='grc' dir='ltr'>ᾖὶςὲιίῶ.111ῖςιδιέὲίυεῗῖῑῖῖίωοίἰὸἰαω-Ι,</span> <span class='ocrx_word' id='word_1_691' title='bbox 807 5334 841 5367; x_wconf 76' lang='lat'>²⁴³</span> <span class='ocrx_word' id='word_1_692' title='bbox 864 5351 888 5390; x_wconf 93' lang='lat' dir='ltr'>s.</span> <span class='ocrx_word' id='word_1_693' title='bbox 916 5353 957 5392; x_wconf 89' lang='lat' dir='ltr'>m.</span> <span class='ocrx_word' id='word_1_694' title='bbox 974 5340 995 5393; x_wconf 90' lang='lat' dir='ltr'>t.</span> <span class='ocrx_word' id='word_1_695' title='bbox 1023 5334 1237 5392; x_wconf 89' lang='lat' dir='ltr'>desuut5a.5</span> <span class='ocrx_word' id='word_1_696' title='bbox 1263 5334 1300 5387; x_wconf 81' lang='lat' dir='ltr'>a&#39;.</span> <span class='ocrx_word' id='word_1_697' title='bbox 1339 5334 1373 5367; x_wconf 68' lang='lat'>²⁸⁵</span> <span class='ocrx_word' id='word_1_698' title='bbox 1399 5332 1504 5388; x_wconf 89' lang='lat' dir='ltr'>edaciti</span> <span class='ocrx_word' id='word_1_699' title='bbox 1535 5333 1559 5387; x_wconf 89' lang='lat'>1.</span> <span class='ocrx_word' id='word_1_700' title='bbox 1609 5334 1644 5368; x_wconf 70' lang='lat'>²⁸⁵</span> <span class='ocrx_word' id='word_1_701' title='bbox 1672 5331 1767 5386; x_wconf 82' lang='lat' dir='ltr'>xuvt.</span> <span class='ocrx_word' id='word_1_702' title='bbox 1799 5331 1824 5381; x_wconf 92' lang='lat' dir='ltr'>t.</span> 
     </span>
    </p>
   </div>
   <div class='ocr_carea' id='block_1_6' title="bbox 157 5496 1706 5650">
    <p class='ocr_par' dir='ltr' id='par_1_8' title="bbox 157 5496 1706 5650">
     <span class='ocr_line' id='line_1_58' title="bbox 157 5496 1706 5650; baseline -0.006 -17"><span class='ocrx_word' id='word_1_703' title='bbox 157 5575 233 5650; x_wconf 84' lang='grc'>(100)</span> <span class='ocrx_word' id='word_1_704' title='bbox 249 5575 348 5635; x_wconf 81' lang='lat' dir='ltr'>ltaliae</span> <span class='ocrx_word' id='word_1_705' title='bbox 363 5577 453 5650; x_wconf 78' lang='lat' dir='ltr'>torpe.</span> <span class='ocrx_word' id='word_1_706' title='bbox 916 5496 1114 5648; x_wconf 55' lang='lat' dir='ltr'>desumo)</span> <span class='ocrx_word' id='word_1_707' title='bbox 1127 5572 1158 5631; x_wconf 95' lang='lat' dir='ltr'>ld</span> <span class='ocrx_word' id='word_1_708' title='bbox 1174 5575 1219 5628; x_wconf 89' lang='lat' dir='ltr'>est</span> <span class='ocrx_word' id='word_1_709' title='bbox 1231 5571 1294 5629; x_wconf 89' lang='lat' dir='ltr'>sine</span> <span class='ocrx_word' id='word_1_710' title='bbox 1309 5570 1390 5644; x_wconf 81' lang='lat' dir='ltr'>(otae</span> <span class='ocrx_word' id='word_1_711' title='bbox 1405 5573 1585 5645; x_wconf 86' lang='lat' dir='ltr'>Germanice)</span> <span class='ocrx_word' id='word_1_712' title='bbox 1602 5573 1706 5641; x_wconf 89' lang='lat' dir='ltr'>burgo.</span> 
     </span>
    </p>
   </div>
   <div class='ocr_carea' id='block_1_7' title="bbox 0 0 1950 6087">
    <p class='ocr_par' dir='ltr' id='par_1_9' title="bbox 0 0 1950 6087">
     <span class='ocr_line' id='line_1_59' title="bbox 0 0 1950 6087; baseline 0 0"><span class='ocrx_word' id='word_1_713' title='bbox 0 0 1950 6087; x_wconf 95' lang='lat' dir='ltr'> </span> 
     </span>
    </p>
   </div>
  </div>
 </body>
</html>
