3876 6084
116 311 175 372 323
535 349 541 360 ·
577 304 763 372 aasabim
785 306 906 370 aelst.
929 308 1075 372 VERON.
1098 309 1184 373 OPP.
1208 308 1311 371 PARS
1333 306 1357 371 Ι.
1760 302 1823 369 394

114 458 170 515 quo
186 440 263 496 feriri
279 441 372 513 possit
381 440 624 513 peccatum.llinc
640 444 748 496 Seneca
764 457 771 496 :
793 440 865 505 Vide,
883 442 933 509 ait,
948 442 977 509 Α
992 442 1155 508 cecissimo,
1165 441 1222 496 beu
1236 439 1333 497 dolor!
1348 439 1824 512 experimentonuperprobatumg

111 533 137 585 si
150 530 239 585 adbuc
251 530 341 585 malus
355 545 392 598 es,
409 535 435 586 et
449 530 609 586 simititibus
622 545 703 601 parce
720 546 727 584 ε
743 546 835 584 tremum
847 530 871 585 si
884 546 940 586 esse
994 530 1063 603 quia
1086 530 1166 585 aliud
1196 533 1241 585 est
1268 529 1411 585 exhausta
1439 529 1539 602 pestis,
1556 527 1636 584 aliud
1656 527 1822 600 consopita.

111 618 384 686 restituamque
408 621 510 674 bonum
533 618 731 674 cruendatioa-is
756 618 888 685 abscidas,
915 619 941 675 si
993 619 1103 675 Furens
1124 619 1202 674 enim
1224 617 1448 684 adversarius,a
1472 617 1558 673 corde
1582 634 1614 673 se
1637 616 1747 672 docens
1771 633 1823 673 ex·

111 714 203 763 toturn
227 707 340 779 beria-sce
357 709 419 763 istic
440 724 495 763 nou
516 706 636 763 dissonet
653 710 793 779 personuit
807 706 913 762 Octavo
930 724 938 775 ;
994 707 1112 780 pulsum
1128 707 1263 778 alicujus,
1274 705 1471 779 propulsionis
1486 722 1546 761 sue
1561 705 1708 761 vindicare
1724 705 1824 761 nitens

110 797 185 867 b'jice
197 797 320 868 primum
333 797 438 851 trabem
453 795 574 852 decorita
590 803 650 864 tuo,
666 803 692 850 et
707 803 773 851 turra
792 796 939 866 perspicies
993 796 1142 867 injuriam,
1160 801 1264 867 preter
1277 794 1335 849 alie
1349 794 1429 850 mille
1455 794 1577 849 nocendi
1594 793 1721 866 ingenia,
1734 792 1823 849 illum

110 893 141 940 ut
155 885 251 941 educas
260 889 392 956 [esttecum
406 883 439 939 de
453 885 530 940 ocula
545 885 641 954 fratris
655 886 698 939 tui
713 884 873 951 (llrrttbuu,
889 883 917 956 3)
930 900 937 940 :
993 885 1129 951 maxime,
1146 900 1204 955 quo
1219 881 1334 938 admitti
1355 883 1476 949 solebat,
1493 883 1629 938 observat
1653 880 1819 949 introitum,

111 973 252 1028 festucam
269 974 341 1028 iram
356 973 457 1028 dicens
472 973 601 1029 subitam
613 973 741 1028 etlevem
752 991 758 1038 ;
771 973 940 1028 trabemsu-
992 973 1038 1028 cui
1055 971 1112 1028 nisi
1127 970 1221 1027 virilis
1235 988 1302 1027 cum
1318 971 1368 1026 Dei
1383 969 1491 1026 auxilio
1506 970 1638 1026 adbibita
1651 970 1739 1026 luerit
1763 987 1820 1026 au·

110 1062 252 1132 perbiam,
269 1061 369 1116 odium
385 1065 414 1116 et
429 1060 590 1116 inimicitie
613 1060 814 1116 retentionem.
831 1060 913 1115 Nono
930 1075 936 1116 :
993 1062 1098 1128 stadia,
1111 1059 1588 1132 (exemplonecisIsbosetb,cujus
1599 1059 1764 1114 dormiente
1778 1076 1824 1115 os·

110 1150 217 1218 Medica,
231 1167 299 1205 crura
320 1153 436 1221 teipsum
460 1150 659 1218 (tuc.1v,23),
684 1149 712 1204 id
734 1153 789 1216 ost,
815 1149 938 1205 emenda
992 1150 1078 1206 tiaris
1102 1149 1258 1221 improvise
1284 1148 1406 1221 contigit
1434 1148 1570 1203 interitus
1587 1149 1622 1218 (ll
1642 1149 1707 1217 ltep.
1723 1165 1763 1213 tv,
1780 1148 1821 1220 5),

112 1240 197 1312 prius
213 1239 281 1293 inte
296 1239 370 1292 iram
385 1237 429 1292 vel
444 1238 545 1292 odium
561 1240 589 1292 et
607 1237 649 1292 ite
672 1237 792 1292 demum
817 1235 938 1294 alterius
993 1236 1703 1310 cu1nininguine,ablatisetiamspicis(3bl)quod
1714 1252 1824 1310 purga·

112 1327 295 1399 insequenda
320 1343 390 1382 cura
406 1332 555 1399 peccatum
569 1343 576 1394 3
592 1325 723 1397 exemplo
738 1324 872 1382 videlicet
890 1342 939 1382 cu·
992 1327 1079 1382 batur
1094 1326 1271 1386 frumentis
1284 1324 1459 1381 latrunculis
1476 1325 1563 1380 sinerii
1576 1326 1747 1399 percussus)
1757 1324 1825 1400 ples·

108 1416 229 1487 jusdam
246 1414 482 1487 philosophiam
500 1431 566 1470 cum
583 1414 822 1481 adiracundinm,
835 1414 937 1484 utjam
991 1430 1116 1487 rumque
1132 1416 1333 1470 irrueretanto
1345 1412 1542 1481 soletsaevius,
1560 1418 1670 1486 quanto
1686 1413 1825 1487 inopina·

110 1504 139 1559 in
156 1502 937 1574 aliovolumine<3bttretulimus,concitaretur,cidem
991 1505 1061 1570 tius,
1073 1505 1160 1574 ‚juxta
1173 1503 1227 1559 hoc
1244 1504 1321 1574 quod
1333 1503 1374 1558 ait
1390 1503 1550 1558 Dominus:
1564 1502 1631 1558 Cum
1658 1502 1823 1559 immaturius

110 1608 199 1664 aquo
215 1592 393 1647 incitabatur
408 1592 516 1648 dixisse
532 1592 706 1647 fortunium
719 1596 745 1647 te
758 1599 935 1666 percuterem,
991 1595 1105 1664 spiritus
1119 1594 1219 1648 exierit
1233 1593 1267 1647 ab
1282 1591 1535 1656 bomine,nmbuiut
1547 1607 1598 1663 per
1612 1592 1671 1647 tace
1685 1593 1824 1665 inaquosa

108 1682 165 1735 nisi
175 1683 261 1736 iratus
276 1696 370 1736 essem.
385 1680 466 1744 Quod
482 1679 507 1736 si
521 1679 608 1736 alicui
619 1679 751 1735 fidelium
767 1680 937 1752 contigisset
992 1697 1118 1754 querens
1141 1682 1272 1754 requiem,
1289 1688 1315 1736 et
1335 1697 1390 1736 nan
1415 1682 1567 1746 inveniens,
1583 1680 1674 1736 dicit:
1692 1681 1824 1736 Reuertar

109 1770 229 1838 dixisse,
245 1769 315 1841 quid
332 1769 410 1825 aliud
440 1768 562 1842 ageret?
579 1785 635 1824 non
651 1768 807 1840 impendum
830 1769 938 1824 vitietur
991 1771 1021 1825 in
1036 1770 1145 1826 duriatum
1159 1785 1249 1826 aueum
1261 1769 1332 1824 unde
1346 1770 1432 1833 eeiui,
1447 1772 1473 1823 et
1486 1770 1598 1825 urentem
1612 1767 1732 1838 domum,
1749 1773 1820 1840 ete,

109 1859 217 1929 nonne]
234 1858 380 1913 custodita
408 1856 530 1929 proprie
558 1856 665 1912 mentis
689 1858 839 1929 sospitate,
855 1856 935 1913 illius
990 1861 1060 1913 Terrae
1075 1859 1149 1914 uadit
1164 1867 1190 1915 et
1201 1859 1319 1914 assumit
1332 1867 1433 1929 septem
1445 1858 1515 1913 aiios
1529 1859 1644 1929 spiritus
1662 1873 1755 1913 secum
1769 1874 1822 1915 ne·

110 1944 839 2019 phrenesimbaostupatientirecuraretlQuidvero
850 1945 935 2001 nobis
988 1950 1098 2020 quiores
1107 1964 1144 2014 se,
1156 1951 1183 2003 et
1197 1949 1317 2016 inpressi
1331 1946 1456 2002 babitant
1471 1948 1522 2011 ibi,
1539 1955 1565 2002 et
1578 1947 1649 2018 fiunt
1669 1948 1822 2003 canusima

109 2036 223 2091 trabem
248 2033 365 2107 proprio
388 2033 417 2088 in
442 2032 526 2088 oculo
542 2033 702 2089 terentibus
722 2039 750 2089 et
764 2034 800 2089 de
815 2033 935 2091 alterius
989 2036 1109 2092 boruirris
1135 2035 1212 2092 itlius
1233 2036 1329 2108 pejora
1352 2037 1492 2107 prioribus
1516 2035 1591 2108 (Luc.
1616 2052 1655 2103 xr,
1672 2035 1731 2105 24).
1748 2036 1822 2094 Ecca

109 2123 239 2196 [subaudi
254 2122 347 2193 oculo]
359 2122 500 2177 festucam
525 2120 648 2177 avellere
671 2122 843 2191 nitentibus,
861 2123 935 2179 iacto
989 2126 1067 2199 quod
1093 2124 1203 2180 malum
1229 2126 1266 2181 de
1288 2123 1477 2197 negligentia,
1492 2123 1615 2189 desidia,
1630 2123 1675 2178 vel
1702 2128 1823 2197 torpore

110 2209 934 2283 inhujusmodigentilisidem,pronefaslclameret(363)
989 2220 1153 2289 generator.
1176 2214 1257 2270 Unde
1282 2218 1311 2283 ot
1336 2211 1503 2277 Psalmista,
1526 2212 1598 2266 dum
1624 2212 1818 2270 necessitates

110 2300 166 2356 nisi
189 2299 266 2372 quod
296 2302 358 2371 jam
384 2300 496 2355 dudum
521 2299 662 2371 prophete
689 2317 696 2355 ε
720 2301 865 2366 Erubesce,
889 2299 934 2354 in·
989 2301 1144 2358 carnaliter
1159 2301 1258 2375 populi
1273 2302 1461 2367 describeret,
1477 2316 1563 2356 casus
1585 2299 1737 2356 moraliter
1761 2317 1817 2357 no·

76 2424 80 2431 -
110 2390 226 2462 quiens,
242 2388 335 2456 Sidon,
352 2391 393 2444 rsit
419 2390 577 2462 ruore(lsai.
596 2405 679 2452 xmu,
699 2390 764 2461 54);
782 2405 816 2444 ac
831 2390 855 2445 si
871 2389 934 2461 ipso
989 2390 1363 2460 strasostendcbnt,diccns
1374 2390 1765 2450 :Omnemescamabaminutu
1780 2398 1820 2447 est

111 2477 243 2549 exemplo
259 2477 367 2533 diceret
382 2495 389 2533 ε
407 2479 469 2543 Oua
488 2478 582 2533 fronte
605 2477 789 2533 Christianus
813 2476 936 2549 quilibet
988 2482 1083 2535 anima
1097 2496 1201 2545 eorum,
1218 2487 1244 2535 et
1255 2481 1544 2551 appropinquaverunt
1563 2494 1647 2550 usque
1670 2478 1706 2534 ari
1725 2487 1819 2550 partas

109 2584 176 2623 cum
192 2566 273 2621 trabe
285 2567 429 2637 superbire
442 2565 563 2622 alterius
579 2567 615 2622 de
630 2565 715 2621 oculo
731 2566 873 2622 festucam
881 2566 934 2620 ali·
988 2570 1085 2623 mortis
1100 2568 1185 2635 (Psoi.
1197 2584 1253 2632 cvr,
1264 2567 1404 2626 18).Escae
1416 2571 1513 2622 autem
1529 2568 1816 2638 animarum,orstio,

108 2657 193 2726 cujus
207 2654 270 2709 vitii
286 2659 441 2709 conaretur
461 2655 587 2710 demere.
605 2670 671 2709 cum
685 2671 732 2709 me
747 2654 934 2710 academicus
988 2655 1292 2729 psalmodiajejunia,
1310 2654 1511 2727 eleemosyna,
1529 2653 1717 2711 etoontinuee
1746 2658 1818 2712 sunt

109 2758 162 2798 nec
186 2742 279 2813 ipsam
306 2742 447 2798 festucam
472 2740 522 2798 ire
542 2742 626 2799 naulo
641 2741 737 2797 cordis
750 2742 823 2798 velle
838 2743 934 2798 videat
988 2745 1127 2800 lectiones
1144 2760 1227 2816 :qua
1253 2743 1302 2815 qni
1327 2744 1524 2809 abominatur,
1542 2742 1640 2799 nisisi
1665 2744 1818 2816 contingat

109 2829 307 2904 gestare,dum
325 2829 614 2901 dealtoriustlgnum
630 2829 764 2885 elationis
777 2831 933 2886 studeore·
988 2835 1065 2907 quod
1083 2832 1264 2906 sequitur,id
1276 2837 1331 2901 est,
1345 2836 1379 2887 ut
1394 2829 1500 2888 clamet
1517 2831 1552 2885 ad
1567 2830 1725 2887 Dominum
1741 2831 1814 2888 dum

108 2918 233 2974 velleret
246 2917 360 2973 Decimo
371 2934 438 2972 vero
449 2917 518 2973 item
528 2918 812 2988 Dominustltiiiqite,
826 2918 932 2990 inquit,
987 2922 1146 2979 tribulatur
1159 2922 1248 2995 (ibid,
1267 2922 1320 2989 19),
1332 2925 1365 2977 ut
1381 2926 1409 2977 ot
1424 2919 1650 2998 necessitatibus
1667 2921 1712 2992 [f.,
1728 2936 1744 2976 a
1763 2936 1817 2976 ns·

110 3009 235 3064 inimicos
262 3016 371 3073 uestros,
389 3007 538 3077 benefacite
551 3007 594 3061 bis
614 3008 663 3078 qai
690 3006 804 3063 oderunt
831 3022 886 3074 tros,
902 3014 934 3062 ut
988 3012 1184 3082 cessitatibus]
1201 3011 1264 3066 suis
1277 3009 1425 3073 liberetur,
1437 3009 1624 3064 eternaesine
1636 3008 1727 3065 dubio
1735 3025 1817 3065 mor·

106 3099 168 3154 sitis
195 3098 250 3168 pai
272 3098 365 3152 Patris
389 3097 480 3161 uestri,
497 3097 546 3167 qui
567 3097 597 3151 in
618 3097 694 3151 calis
720 3104 769 3162 est,
784 3097 831 3168 qui
849 3096 933 3152 satem
988 3103 1037 3167 tis,
1052 3105 1126 3156 teste
1139 3099 1284 3172 Gregorio,
1302 3097 1465 3171 periculum
1483 3098 1631 3153 incurrere
1660 3097 1816 3155 creditor:

106 3203 187 3242 suum
200 3187 270 3242 ariri
284 3187 351 3256 facit
363 3201 445 3256 super
468 3185 549 3240 bonas
563 3193 589 3240 et
603 3185 697 3251 maios,
714 3193 739 3240 et
750 3185 823 3257 pluit
846 3201 930 3256 super
945 3169 967 3238 (l
985 3192 1158 3264 desperatur
1172 3189 1252 3243 enim
1267 3188 1332 3258 ejus
1347 3187 1436 3242 etiam
1457 3185 1657 3258 temporaliter
1677 3185 1749 3254 vita,
1766 3184 1817 3260 qui

103 3277 192 3349 justos
206 3284 231 3330 et
247 3277 361 3346 injustos
376 3275 453 3341 (Luc,
469 3290 507 3339 v1,
520 3276 576 3344 27).
589 3274 723 3329 Facessat
745 3289 814 3346 ergo
833 3275 930 3330 omnis
986 3277 1116 3336 carnalia
1131 3275 1241 3348 respuit
1253 3275 1402 3331 alimenta.

107 3364 226 3438 indigne
235 3361 518 3436 poenitsntium,imo
528 3362 619 3418 Deum
632 3361 685 3417 hac
693 3362 880 3418 simulatione
895 3362 932 3418 ad
1020 3367 1048 3422 9.
1064 3366 1118 3422 Sed
1138 3369 1169 3420 ut
1181 3364 1326 3436 meipsum
1343 3365 1372 3418 in
1389 3362 1443 3419 hoc
1468 3365 1545 3436 quod
1560 3363 1632 3436 coepi
1648 3363 1767 3420 traham
1784 3364 1815 3421 ia

108 3452 290 3509 iracundiam
314 3451 547 3523 provocantium,
564 3450 611 3506 his
639 3450 729 3506 divini
750 3451 815 3506 oris·
829 3456 933 3523 prater
986 3453 1162 3526 exemplum,
1177 3470 1243 3508 cum
1259 3450 1345 3525 paulo
1359 3450 1616 3524 resolutiusquam
1632 3454 1818 3525 competeret

108 3540 334 3598 innumerabilia
349 3540 487 3595 tonitruis
501 3538 635 3613 perculsa
650 3539 752 3595 saltem
772 3538 912 3596 dolositas
924 3556 931 3606 ;
986 3544 1096 3599 nudius
1110 3541 1216 3598 tertius
1229 3557 1275 3596 mc
1286 3540 1582 3613 agerem,sensi,prob
1593 3540 1689 3596 nelasl
1701 3540 1731 3597 ia
1745 3554 1818 3614 par·

108 3629 314 3688 aestimentiam
331 3630 405 3702 (363)
415 3630 530 3685 veniam
560 3646 592 3685 se
618 3631 720 3684 mereri
745 3628 826 3685 nullo
847 3629 933 3686 niodo
986 3633 1161 3699 vissimatut
1176 3630 1247 3686 mihi
1259 3630 1422 3695 videbatur,
1435 3646 1492 3684 non
1511 3632 1630 3697 uteret)
1646 3629 1816 3699 occasione,

110 3717 466 3792 peccaminum,quandin
476 3719 504 3772 in
512 3718 597 3773 corde
606 3717 722 3789 aliquod
731 3717 933 3790 phreneticum
986 3739 1077 3794 quam
1093 3737 1140 3776 me
1154 3718 1276 3775 titillans
1293 3717 1453 3773 amarailla
1473 3716 1656 3790 voluptatum
1672 3719 1815 3787 suavitas,

109 3807 236 3863 retinent
249 3805 359 3861 odium.
987 3811 1076 3866 etiam
1088 3809 1118 3864 in
1133 3824 1247 3864 carcere
1258 3807 1399 3879 positum,
1413 3806 1512 3862 dolore
1527 3807 1703 3874 contectum,
1720 3823 1818 3881 pupu-

145 3896 173 3950 8.
188 3893 230 3949 Ad
247 3893 374 3948 fructum
391 3897 489 3948 autem
504 3892 627 3966 dignum
651 3892 826 3966 poenitentiae
846 3893 934 3950 etiam

109 3981 164 4038 hoc
179 3981 303 4054 pertinet
318 3981 454 4050 maxime,
469 3986 500 4037 ut
515 3981 564 4053 qui
580 3997 610 4036 se
629 3979 730 4037 illicita
747 3986 929 4054 perpetrasse

109 4069 285 4136 considerat,
298 4085 362 4125 sese
378 4086 395 4125 a
410 4068 499 4125 licitis
514 4074 598 4126 caute
613 4069 769 4142 restringat
782 4088 788 4137 ;
803 4070 933 4143 ipsarum

104 4159 198 4216 otiam
215 4174 313 4215 rernm
326 4157 482 4225 illecebris,
499 4174 573 4231 quas
600 4158 656 4215 sibi
675 4175 793 4214 causam
810 4159 935 4230 alicujus

109 4247 935 4322 recognoscitluissccriminis,corpussuumassuelacere

109 4338 234 4395 ulterius
245 4342 361 4404 caveat,
372 4336 468 4393 sciens
479 4337 636 4410 aquodam
655 4336 842 4392 veracissime
862 4336 933 4392 lib

109 4428 232 4493 dictum,
247 4426 362 4499 quodet
377 4442 394 4481 a
407 4425 491 4481 nobis
507 4426 620 4482 utinam
634 4441 692 4480 non
708 4425 936 4498 luissetperspi-

988 3898 1166 3973 gerit,longe
1178 3895 1296 3969 quidem
1310 3895 1519 3968 quamsolebat
1529 3895 1643 3961 mitius,
1652 3895 1818 3953 sedrursus

988 3988 1074 4061 longe
1090 3986 1173 4043 aliter
1182 3989 1270 4058 atque
1287 3989 1476 4058 putaveram:
1492 3984 1535 4040 ita
1548 3990 1582 4040 ut
1597 3985 1627 4040 in
1643 3982 1699 4040 hoo
1711 3983 1819 4041 saltem

989 4092 1163 4148 cognoscere
1176 4074 1333 4147 potuerim,
1350 4091 1407 4129 non
1425 4072 1554 4141 mollem,
1571 4073 1622 4130 sod
1638 4073 1820 4131 omnimodis

989 4166 1103 4231 fortem,
1121 4180 1179 4219 nnn
1192 4161 1377 4229 muliebrem,
1392 4162 1442 4218 sed
1459 4160 1575 4217 virilem
1600 4160 1697 4217 cordis
1714 4161 1820 4232 januis

990 4270 1036 4310 me
1051 4250 1358 4308 debuisseeustodiam
1369 4249 1517 4306 adbibere.
1526 4250 1725 4317 Quodmbone
1735 4248 1821 4321 lesu,

989 4342 1046 4416 pie,
1057 4339 1182 4397 coelestis
1198 4357 1230 4396 ac
1246 4338 1548 4411 sapientissima,istic
1558 4337 1626 4412 poni
1642 4336 1743 4394 decuit
1757 4355 1819 4396 me·

989 4431 1063 4497 dice,
1072 4446 1130 4485 non
1139 4433 1171 4484 ut
1182 4427 1233 4485 tibi
1243 4427 1377 4496 revelem,
1388 4428 1437 4499 qui
1458 4427 1560 4482 omnia
1568 4426 1644 4483 nosti
1655 4431 1819 4500 antequam

77 4595 80 4599 .
145 4541 434 4624 (351)llincconsmt
463 4539 633 4595 Ratherinm
659 4539 737 4596 aliud
767 4557 841 4613 opus
868 4535 1114 4618 antoDinquam,
1127 4545 1257 4600 cturnaret
1271 4544 1349 4600 nobis
1364 4544 1393 4599 in
1405 4545 1479 4669 (αειο
1494 4541 1663 4615 hujusmodi,
1678 4542 1739 4598 nbi
1747 4542 1820 4615 quoa

110 4614 273 4685 scripsisse,
286 4612 332 4667 cui
352 4611 412 4667 bec
428 4610 593 4684 philosophi
609 4612 763 4667 ou'nsdem
791 4613 938 4670 sententia

110 4684 220 4738 inserta
231 4683 294 4738 luit.
312 4683 371 4738 Hoc
385 4687 483 4738 innuen
500 4699 575 4766 opos
592 4683 620 4737 in
637 4628 781 4738 ‹insiderio
797 4688 850 4738 est.
861 4684 937 4739 Num

110 4770 176 4810 vero
187 4754 263 4809 idem
273 4753 344 4808 illud
357 4754 659 4826 sit,quoqu1busdnm
676 4754 819 4810 Mediolon
827 4755 937 4810 ensium

133 4824 937 4898 uaestionibusanteepiscopatumVeronensernrnspon-

110 4842 202 4961 ierat,
219 4912 256 4952 an
277 4912 344 4950 vero
373 4895 530 4961 diversum,
549 4897 708 4978 ignoratur.
733 4896 837 4951 Eadem
853 4914 938 4968 porro

110 4967 242 5023 e'usdem
259 4965 425 5039 philosophi
453 4972 627 5023 sententiam
652 4967 755 5023 recitat
770 4967 857 5023 etiam
872 4971 938 5025 rltto

109 4984 301 5093 ieroeltensis
316 5037 511 5110 episcopusin
524 5041 656 5110 operette
667 5041 805 5110 pressuris
812 5039 939 5098 Ecclesiae

110 5113 183 5183 part.
196 5126 215 5174 1,
233 5109 280 5164 his
295 5109 407 5164 verbis:
420 5111 555 5165 eliberim
571 5112 747 5166 Terentianus
760 5111 939 5182 pbilosopbus

109 5181 144 5237 ait
159 5180 287 5236 uttttcnu
302 5197 402 5236 suum:
417 5181 454 5238 Ob
465 5185 490 5237 te
505 5181 654 5254 infelicem,
669 5198 750 5255 quem
762 5183 937 5254 restitantem,

109 5253 167 5308 ruisi
181 5253 270 5306 iratus
283 5268 376 5307 essem.

147 5324 224 5396 (362)
250 5323 414 5396 Legebator
433 5324 573 5391 clamauit,
599 5341 655 5380 tran
680 5324 760 5397 quod,
785 5329 937 5384 mendose.

108 5395 318 5451 correctionem
334 5395 363 5450 in
380 5400 490 5451 textum
509 5396 659 5451 inductam
672 5413 776 5455 sensus
789 5400 938 5474 elssagitut.

109 5471 273 5523 construe:
290 5467 361 5536 Quid
375 5483 437 5523 uero
457 5467 529 5524 mem
556 5470 687 5539 qentitist
708 5485 760 5540 pro
777 5475 866 5545 nepas,
882 5471 939 5527 ciu-

109 5542 197 5594 maret
223 5539 301 5595 notis
323 5540 475 5614 tererrtibas
499 5539 604 5596 trabem
636 5541 666 5596 in
704 5542 781 5599 oculo
814 5544 938 5616 propria,

109 5618 135 5672 u
148 5609 300 5674 nitentibus
313 5611 573 5691 uretbretettueuu
581 5610 614 5673 de
627 5611 705 5674 cruta
719 5611 845 5687 alteriue,
861 5614 938 5697 quid,

987 4617 1153 4691 jamdudum
1175 4616 1304 4673 clamavit
1334 4631 1403 4698 prop
1422 4623 1466 4670 eta
1488 4615 1617 4686 inquiens
1638 4630 1648 4668 :
1672 4613 1821 4671 Erubesce

991 4689 1138 4751 Sidonait
1147 4702 1279 4743 meretoc
1292 4688 1318 4742 si
1331 4701 1388 4758 apsa
1400 4686 1522 4758 exemplo
1536 4685 1718 4753 inurimur
1727 4686 1822 4756 [rante

993 4762 1167 4817 Cirrsitiauus
1190 4758 1304 4831 quilibet
1325 4775 1387 4813 cum
1411 4759 1488 4813 trube
1510 4757 1647 4828 superbiae
1669 4766 1821 4813 amaretur

992 4833 1098 4888 demere
1112 4830 1145 4884 de
1156 4830 1233 4884 acuto
1245 4828 1360 4884 atterius
1372 4831 1504 4899 suturam
1527 4829 1591 4883 vitii
1609 4826 1741 4899 aiicujus,
1756 4842 1822 4884 cum

992 4902 1162 4959 academicus
1177 4900 1266 4955 trident
1274 4916 1316 4955 rue
1324 4916 1374 4955 uec
1389 4900 1456 4955 tvette
1467 4908 1574 4969 pestere
1586 4900 1673 4970 ipsam
1683 4901 1822 4969 festucam

992 4977 1046 5033 irae
1059 4974 1136 5030 eruta
1151 4970 1248 5034 cordis,
1259 4971 1559 5027 dumstudeareuetierc
1568 4972 1676 5042 tiquam
1689 4969 1822 5028 elationis

992 5047 1025 5103 de
1039 5044 1116 5101 acuta
1132 5043 1268 5098 aterius?

1029 5117 1102 5187 (364)
1113 5114 1209 5186 vulg„
1225 5113 1440 5178 estimanti-um,
1458 5113 1605 5168 mendose.
1620 5112 1732 5168 Sensus
1752 5128 1821 5168 cor·

994 5187 1151 5244 rectionem
1160 5183 1365 5257 suppeditavit.
1374 5185 1738 5240 Construevero:Focessot
1752 5199 1819 5257 erpa

993 5261 1081 5315 orituris
1092 5258 1221 5313 dolositas
1236 5255 1362 5326 percuisa
1378 5256 1418 5310 bis
1440 5256 1536 5311 tabem
1551 5254 1641 5310 (lirini
1662 5256 1720 5310 oris
1745 5256 1821 5312 tuui-

994 5333 1064 5386 truis
1072 5332 1177 5401 preater
1190 5328 1248 5382 alia
1262 5327 1480 5382 innumerabilia
1494 5347 1504 5393 ,·
1516 5326 1615 5392 omnis,
1631 5327 1757 5397 inquam,
1770 5324 1820 5383 do·

994 5403 1087 5458 tasitm
1114 5399 1226 5471 indique
1256 5400 1457 5469 penitentium,
1484 5400 1538 5455 ima
1561 5399 1614 5453 bac
1640 5398 1821 5455 simutatiane

990 5472 1199 5547 provocantium
1211 5470 1340 5524 Deurnad
1355 5469 1528 5526 iracundiam
1543 5470 1698 5535 restituent
1716 5469 1779 5541 jam
1791 5483 1821 5527 te

993 5547 1071 5602 uuita
1083 5543 1160 5600 runata
1176 5541 1276 5598 mereri
1290 5539 1747 5616 renmrnpeccuminum,quaudiu,
1759 5543 1818 5603 eto.

1030 5616 1105 5699 (sbi)
1121 5614 1153 5677 Id
1167 5614 1212 5674 est
1224 5612 1307 5693 epicis
1320 5612 1466 5691 pauenti,
1481 5611 1551 5695 quod
1560 5610 1746 5692 mutatur.
