3876 6084
105 306 171 379 927
590 295 830 368 clarentum
848 291 1126 363 OEWONENSIS
1147 289 1339 359 aelscoel.
1753 288 1806 355 ti

109 439 364 519 diderunt,quanti
375 456 429 500 nec
436 436 529 499 ultum
537 435 711 512 huiusmodi
722 427 931 492 mortalessanl
945 428 974 501 Α
989 426 1133 485 biberent.
1150 426 1259 486 Latina
1274 426 1381 503 lingua
1392 424 1614 502 pauperes,qui
1629 421 1807 485 meetemoa'·

110 537 214 611 cupitis
230 536 369 593 emerent.
383 531 441 588 Nec
454 528 609 586 infirmiori
623 527 732 594 animo,
745 523 846 581 eadem
862 537 932 577 con·
987 515 1807 593 narumgratiaadieruutcomprehendentesoccideraal,

110 612 931 692 firmatilectionc,haudmultopostmagistrodxacontm
986 606 1124 663 custodire
1141 608 1340 677 tradiderunt;
1371 608 1563 666 Graeconolon
1597 622 1714 674 meum,
1731 605 1809 665 idat

109 717 285 782 occurrunt;
302 728 389 785 quem
405 710 476 766 dum
488 709 517 765 in
529 708 629 782 lugam
640 705 795 770 verterent,
811 700 875 772 ejus
886 714 932 754 cc·
986 695 1089 752 uraca
1105 695 1211 769 lingua
1229 713 1365 769 gnarum,
1383 714 1441 753 aon
1467 695 1690 771 permittebant
1713 694 1807 768 egredi,

109 808 173 883 pias
188 799 428 862 omnibnsmcdis
438 798 646 855 contriverunt.
986 784 1088 841 saltem
1102 790 1134 840 ut
1145 789 1281 859 sumptus
1292 790 1412 855 emeret,
1424 786 1474 843 sed
1485 801 1596 842 cocum
1608 783 1709 841 sctum
1720 783 1806 843 cm

145 897 189 956 et.
205 894 257 950 Est
271 896 299 948 et
314 888 404 956 aliud,
421 889 498 962 quod
511 904 589 943 nunc
601 884 797 956 Nicephorum
808 895 930 951 compu-
983 873 1089 948 linguae
1106 875 1259 947 ignarum;
1274 876 1324 947 qui
1341 893 1398 932 non
1414 875 1574 949 signorum
1592 872 1806 947 signiasaidl·

101 986 143 1042 lit
156 983 255 1057 copias
265 978 557 1052 inhssyricsducere.
570 977 714 1047 Argorum
723 971 802 1027 enim
811 983 928 1026 ornnem
982 965 1111 1037 gitcrum
1126 981 1177 1019 seu
1193 963 1296 1035 capitis
1312 964 1444 1032 aut-ihus,
1455 982 1525 1022 cum
1534 964 1697 1021 venditore
1708 967 1807 1035 emptor

108 1075 256 1150 regionem
281 1070 397 1126 instans
419 1071 546 1139 tempus,
564 1064 621 1119 Deo
633 1063 767 1134 jubente,
784 1076 818 1115 eo
834 1073 928 1129 usque
981 1052 1564 1126 loquebatur,tantiqucnummisemcbat
1572 1050 1805 1126 quaecunquae·

108 1165 200 1223 sames
215 1159 336 1229 attrivit,
353 1161 386 1212 ut
404 1171 498 1227 neque
509 1152 598 1210 tritici
612 1149 927 1222 duoPepicnsessexta-
983 1141 1168 1199 Gracolonns
1184 1143 1339 1199 obsonium
1356 1160 1423 1200 uno.
1441 1144 1476 1200 Et
1493 1160 1565 1200 cum
1576 1140 1808 1214 amicorumque

108 1253 143 1308 rii
172 1266 261 1308 aureo
284 1248 500 1317 comparentur,
514 1241 628 1314 hocque
643 1239 693 1296 uhi
709 1240 826 1295 ubertas
843 1233 927 1308 quasi
982 1231 1456 1304 damaromata,paues,vinum,
1473 1249 1566 1305 poma
1598 1229 1807 1302 mitteretscts

108 1342 221 1413 regnat.
247 1336 326 1392 Hanc
348 1337 471 1406 pestem,
487 1329 623 1387 muribus
638 1324 871 1399 cooperantibus,
887 1322 928 1379 ita
981 1324 1086 1377 cuncta
1102 1320 1267 1386 tundentes,
1283 1321 1403 1377 nuntios
1425 1320 1559 1394 colaphis
1575 1320 1656 1377 satis
1681 1325 1804 1379 oneum

109 1425 251 1493 dilatavit,
258 1427 291 1480 ut
299 1421 454 1478 messionis
463 1424 593 1491 tempore
604 1415 859 1491 quicquidubique
871 1417 927 1467 ter·
981 1409 1165 1465 dimiserunt.
1183 1409 1219 1465 Et
1232 1408 1289 1465 nisi
1305 1409 1403 1464 divina
1417 1409 1512 1482 pietas
1535 1413 1681 1482 parasset
1707 1408 1737 1464 in
1750 1425 1806 1467 aas·

107 1533 207 1578 rarum
223 1529 344 1570 annona
359 1514 431 1581 erat,
448 1507 569 1563 minimo
584 1504 761 1580 datcpretie,
777 1516 927 1575 possesso·
982 1501 1082 1572 spectu
1100 1514 1164 1553 meo
1192 1514 1326 1553 mensam
1355 1499 1496 1555 adversus
1518 1497 1644 1572 eosqui
1678 1496 1805 1555 hibuit!

107 1606 189 1661 ridus
211 1599 400 1675 ejulantibus,
424 1595 616 1671 congregarit.
642 1595 724 1659 Quod
754 1609 822 1649 curn
843 1592 928 1662 juxta
982 1586 1125 1659 mettdt),
1143 1603 1202 1642 una
1218 1585 1289 1642 milri
1305 1591 1407 1659 parata
1422 1603 1501 1644 mors
1515 1587 1596 1644 toret
1611 1586 1804 1660 accepta-Sd

106 1688 347 1766 Mesopotamiam
360 1688 476 1754 taceret,
494 1685 544 1743 ubi
560 1686 678 1758 frugum
694 1681 778 1755 copia
793 1679 927 1737 muribus
981 1685 1032 1758 qui
1047 1684 1180 1758 permisit
1208 1684 1356 1757 temptari,
1369 1684 1450 1741 dedit
1478 1691 1551 1765 tunc
1582 1684 1803 1744 misericordius

106 1780 421 1844 absentibuscrcverat,
438 1792 531 1831 arene
542 1775 633 1831 maris
649 1770 927 1828 multitudininnnc-
944 1803 968 1871 Β
983 1774 1053 1846 pati.
1071 1773 1278 1846 hujuscemodi
1290 1790 1340 1829 me
1351 1773 1512 1846 perieulum
1525 1774 1664 1831 secundo
1675 1779 1801 1833 Noram

106 1890 150 1930 na
164 1867 384 1928 multitudinem
396 1858 930 1938 coaequavitlgiturcumvilihoceom·
983 1863 1064 1920 Junii
1076 1880 1169 1936 usque
1180 1863 1216 1918 ad
1226 1865 1341 1919 sextum
1350 1863 1448 1919 Nonas
1458 1862 1597 1920 Octobris
1608 1861 1800 1922 Constantine

109 1959 217 2020 mercia
229 1957 353 2030 turpiter
376 1955 468 2011 tumes
490 1952 592 2009 ubiubi
608 1950 768 2016 deseviret,
783 1947 950 2020 octoginta'
984 1951 1053 2026 poli,
1070 1951 1174 2008 diebus
1188 1951 1299 2008 scilicet
1312 1955 1429 2007 centum
1442 1951 1582 2024 vinginti,
1600 1952 1768 2009 maceravit

106 2036 928 2113 millemortaliumpbtentumilitiae,secumcongregavit;
1020 2043 1063 2098 47.
1079 2040 1187 2097 Verum
1204 2045 1236 2097 nt
1263 2044 1441 2114 augerentur
1466 2040 1657 2098 calamitates
1689 2041 1800 2109 measa

106 2141 215 2215 quibus
230 2154 282 2212 per
297 2134 470 2193 continuum
493 2148 636 2199 mensem,
653 2130 730 2204 quod
747 2144 805 2185 uno
820 2129 931 2184 emerat
982 2131 1189 2203 assumptione
1204 2130 1373 2186 sanctaettlei
1390 2128 1541 2202 genitricis
1556 2134 1588 2187 et
1613 2130 1800 2207 virginis&-

107 2246 206 2298 aureo,
222 2225 338 2284 duobus
352 2221 493 2279 vendidit.
508 2222 556 2279 Hre
572 2223 652 2289 sunt,
669 2219 786 2276 domine
802 2215 852 2282 mi,
871 2230 927 2282 res,
983 2220 1032 2275 rire
1060 2219 1139 2290 (dag.
1172 2219 1226 2290 15),
1256 2236 1320 2274 mec
1348 2219 1445 2275 omine
1473 2235 1531 2276 non
1554 2219 1635 2278 bono
1675 2220 1801 2277 venam

107 2315 387 2394 qua-Nicephorum
409 2311 554 2385 copinsin
578 2309 712 2385 Assyrios
731 2307 929 2365 nuncducerc
983 2306 1341 2381 domnimapostoliciet
1362 2307 1535 2365 universalis
1567 2308 1799 2385 pensaurensis

106 2405 321 2482 compulerunt.
338 2402 393 2460 Sed
418 2399 532 2475 quales,
548 2397 758 2474 quesacopias
769 2396 868 2460 lvere,
883 2392 929 2449 in·
984 2396 1079 2454 nuntii
1101 2413 1168 2454 cum
1183 2395 1298 2463 litteris,
1313 2396 1422 2470 quibus
1438 2397 1585 2472 rogabant
1610 2397 1801 2472 Nicomann

106 2512 269 2572 quam,non
284 2491 430 2561 homines,
443 2483 929 2557 sedhominibussimiles;quibus
983 2487 1190 2559 imperatorem
1206 2487 1384 2552 (trecorum,
1401 2491 1434 2542 ut
1457 2486 1611 2559 parenteia
1633 2487 1801 2560 tirmamqas

106 2584 209 2658 lingua
234 2586 350 2640 tantum
366 2596 482 2654 procax,
499 2579 549 2634 scd
573 2601 586 2628 «
597 2576 704 2651 frigida
719 2574 794 2632 bello
810 2574 929 2630 dextera
984 2573 1142 2632 amicitiam
1154 2575 1262 2631 laceret
1276 2591 1343 2631 cum
1357 2574 1472 2631 dilectio
1483 2574 1677 2649 spiritalique
1688 2575 1803 2633 liliosas

106 2675 219 2747 (180).»
234 2672 298 2728 Non
314 2668 433 2742 inspicit
454 2667 484 2723 in
498 2666 545 2723 his
555 2666 736 2739 Nicephorns
747 2661 929 2738 qualitatem,
984 2664 1087 2721 Ottone
1103 2664 1303 2721 Romanorum
1318 2664 1492 2736 imperatore
1506 2669 1649 2737 augusto.
1664 2665 1733 2732 Ouae
1746 2682 1802 2731 var,

109 2761 160 2818 sed
185 2759 279 2819 solam
301 2755 515 2831 quantitatem3
532 2754 716 2827 quodquam
731 2749 929 2825 periculosum
985 2770 1049 2827 que
1064 2752 1226 2825 inscriptio,
1252 2753 1413 2810 secundum
1436 2754 1550 2810 Grecos
1565 2754 1805 2827 peccahixetts-

110 2848 222 2915 illisit,
247 2851 312 2903 tum
332 2861 396 2901 sero
420 2842 571 2917 poenitebit
593 2858 675 2910 cum,
700 2857 767 2897 cum
796 2837 930 2895 imbelles
985 2841 1119 2910 meraris,
1155 2842 1302 2913 quomodo
1331 2841 1452 2898 latorem
1477 2858 1535 2898 non
1566 2842 1723 2912 occiderit,
1747 2859 1804 2910 ear,

109 2934 239 3013 plurimi,
255 2931 445 2991 multitudine
470 2929 603 2997 animati,
619 2947 637 2986 a
652 2928 761 2986 nostris
776 2926 930 3001 perpaucis
984 2931 1157 3005 priusquam
1173 2930 1339 2998 lederetur,
1354 2947 1412 2986 non
1425 2931 1618 3004 oppresserit,
1635 2933 1690 3006 qui
1706 2933 1736 2990 iu
1748 2932 1806 2990 aliis

106 3024 185 3085 bella
198 3023 368 3091 scientibus,
384 3021 476 3079 immo
491 3019 668 3087 sitientibus,
685 3021 881 3075 conterantur.
985 3020 1072 3077 rebus
1079 3018 1806 3094 saepevideorspermologusctmultisonus,iahae.

143 3116 187 3172 45.
198 3114 271 3173 Cum
283 3110 457 3169 obsideretis
467 3110 581 3176 bareas,
593 3107 712 3165 trecenti
725 3106 929 3164 tantummodo
986 3112 1019 3165 ut
1033 3107 1118 3181 picis,
1132 3106 1232 3164 videor
1242 3108 1374 3165 insonus.
1392 3109 1597 3183 objurgabant
1611 3110 1708 3168 Greci
1722 3126 1805 3175 mua.

107 3173 968 3279 ungarljmtnl'hcssuloniramquingentosurecosrom-G
986 3197 1232 3270 imprecabantur
1254 3197 1375 3269 equari,
1405 3197 1472 3271 plus
1483 3199 1568 3271 justa
1584 3204 1805 3271 moraremur

108 3292 326 3368 prehenderunt
340 3292 368 3346 et
391 3288 420 3345 in
437 3287 595 3362 Ungariam
615 3286 772 3343 duxerunt.
789 3287 856 3353 Quas
872 3301 928 3353 res,
984 3290 1136 3359 peccatum
1152 3285 1224 3343 illud
1239 3291 1356 3360 portare
1370 3286 1507 3360 potuerit,
1521 3304 1578 3344 cur
1591 3288 1706 3347 fretum
1719 3288 1803 3348 dehis

107 3382 177 3459 quie
191 3396 329 3457 prospere
343 3377 496 3444 successit,
517 3375 660 3450 compulit
674 3375 816 3432 ducentos
831 3374 929 3447 Unga-
984 3392 1053 3432 cens
1069 3374 1165 3431 navim
1182 3392 1240 3432 uon
1255 3375 1449 3433 absorbuerit.
1464 3399 1480 3427 «
1512 3380 1740 3451 Imperatorem,
1764 3376 1803 3435 in·

107 3473 216 3530 riorum
226 3468 305 3527 haud
316 3468 403 3542 longe
414 3463 703 3539 Constantinopolim
714 3461 931 3521 blacedoniasi-
985 3463 1101 3537 quiunt,
1117 3462 1311 3521 universatem
1327 3464 1539 3532 Romanorum,
1556 3472 1735 3541 augustam,
1748 3483 1802 3527 ms·

106 3558 314 3623 militerlacerc
326 3577 333 3627 ;
345 3575 380 3615 en
391 3555 578 3630 quibuscum
590 3555 707 3611 incaute
717 3556 930 3627 perangustum
984 3570 1089 3627 gnum,
1103 3552 1200 3609 solum
1230 3552 1424 3626 Nicephorum
1450 3554 1607 3626 scripsisse
1635 3556 1800 3625 amun,

107 3649 236 3711 redirent
250 3647 339 3716 viam,
359 3643 554 3720 quadraginta
569 3645 639 3699 sunt
652 3641 747 3715 cepti,
763 3657 837 3713 quos
853 3656 930 3695 nunc
984 3643 1136 3698 hominem
1152 3642 1300 3714 quendem
1314 3642 1484 3712 barbarum,
1500 3659 1669 3718 pauperum
1680 3644 1802 3720 (tdtttle

106 3738 288 3812 Nicephorus
304 3735 340 3792 de
354 3734 488 3792 custodia
499 3733 629 3798 eductos,
650 3729 930 3804 pretiosissimisque
985 3748 1151 3799 manorum,
1167 3748 1225 3788 non
1241 3731 1353 3806 piguit!
1369 3731 1526 3790 Ocoelum!
1542 3749 1560 3790 o
1576 3733 1680 3792 terrai
1691 3753 1710 3795 c
1720 3729 1799 3795 mars!

106 3825 237 3884 vestibus
251 3826 522 3896 ornatos,patrcnos
537 3818 800 3876 sibictdeleusores
808 3815 929 3889 paravit,
984 3821 1041 3877 Sed
1057 3820 1138 3894 qnid,
1154 3820 1306 3893 inquiunt,
1322 3820 1465 3878 iaciemus
1478 3821 1657 3881 hominibus
1670 3824 1738 3883 istis
1751 3837 1801 3881 su·

108 3930 208 3973 secum
235 3913 265 3968 in
288 3908 423 3985 Assyrios
438 3909 558 3966 ducens.
574 3907 683 3964 Verum
702 3905 798 3979 qualis
815 3905 852 3961 sit
865 3906 930 3977 ejus
984 3909 1095 3976 leratis,
1111 3909 1303 3966 criminosis?
1318 3909 1464 3983 Pauperes
1490 3915 1574 3980 sunt,
1591 3915 1622 3968 st
1635 3913 1663 3971 si
1679 3909 1801 3971 maad-

108 4002 263 4071 enercitus,
274 3999 344 4056 hinc
357 3997 480 4072 potestis
492 3995 637 4066 conicere,
654 3993 793 4067 quoniam
810 3992 861 4066 qui
876 4010 930 4049 cre·
985 3998 1209 4066 dimus,manus
1220 4002 1335 4055 nostras
1344 3997 1545 4072 sanguineviti
1555 3999 1799 4076 polluimusm

110 4090 180 4149 teris
190 4090 341 4164 praestant,
353 4084 482 4143 Venetici
497 4088 567 4141 sunt
581 4086 610 4140 ct
622 4080 821 4155 amalphitani
832 4082 875 4136 ⁸²³.
986 4087 1050 4144 nosi
1065 4091 1144 4155 sunt,
1162 4087 1236 4145 servi
1252 4092 1331 4156 sunt,
1343 4087 1447 4145 rustici
1469 4092 1559 4159 suat;
1574 4087 1799 4167 amaad*

144 4181 188 4237 46.
205 4179 289 4235 Nunc
311 4175 358 4232 his
382 4173 511 4240 omissis,
533 4171 604 4245 quid
621 4169 693 4226 mihi
705 4168 848 4227 acciderit
869 4170 930 4226 ani·
986 4193 1063 4245 mus,
1080 4192 1138 4231 non
1165 4176 1256 4249 ipsos,
1282 4177 1335 4233 sed
1354 4193 1411 4234 nos
1434 4177 1664 4247 dedecoramus,
1687 4179 1736 4254 qui
1757 4191 1799 4237 w

110 4266 293 4327 madvertite.
310 4265 395 4322 Sexto
408 4261 555 4319 Kalendas
568 4256 694 4333 Augusti
710 4261 775 4330 (tat.
792 4260 838 4331 27)
851 4265 933 4318 extra
986 4265 1119 4322 Romana
1133 4265 1404 4333 scuticadeaurata,
1415 4283 1468 4323 nac
1478 4266 1657 4341 hujusmodi
1667 4271 1799 4329 sautu

108 4351 390 4429 contantinopolim
406 4351 435 4408 in
449 4348 570 4408 Umbria
585 4367 602 4406 a
615 4345 931 4422 Nicephoroliccntiam
986 4352 1170 4427 cibusdigni.
1180 4352 1587 4429 Ovutinamalterepisnapus,
1597 4351 1799 4417 amaretis

107 4445 207 4521 accepi
222 4444 259 4503 ad
274 4460 325 4501 vos
340 4441 492 4499 redeundi.
505 4440 637 4512 Cumque
648 4434 931 4511 Constantinopolim
985 4441 1076 4500 esset!
1089 4441 1180 4509 culaffs
1191 4442 1270 4499 enim
1280 4441 1796 4520 suttpostsrerbosvirgarnuirtu.

108 4537 248 4605 venirem,
275 4528 502 4607 christophorus
526 4526 667 4604 patricius
690 4527 854 4596 eunuchus,
882 4527 931 4600 qui
946 4545 971 4614 Ι)
987 4535 1052 4605 post
1066 4530 1163 4588 barba
1179 4546 1230 4587 seu
1243 4529 1418 4604 capillorum
1433 4531 1675 4602 distractionem,
1690 4532 1799 4591 inam

108 4622 264 4698 Nicephari
286 4621 380 4678 vicem
404 4619 506 4678 eodem
522 4615 606 4692 gerit,
622 4615 694 4672 mihi
711 4615 861 4673 mandavit
873 4633 932 4673 non
987 4622 1235 4694 demergerentur.
1252 4619 1308 4677 Sed
1324 4624 1486 4690 serventur,
1504 4621 1798 4695 inquinatarum

110 4729 196 4786 posse
211 4727 259 4769 me
272 4714 343 4769 tunc
358 4708 501 4776 recedere,
518 4705 589 4779 quia
610 4703 747 4762 Saraceni
763 4708 833 4762 tunc
849 4722 932 4763 occu·
987 4708 1799 4785 quesanctissimnsinperuoruomancrumrtiespmra

111 4801 254 4874 paverunt
281 4814 362 4855 mare
386 4801 414 4855 et
437 4794 556 4869 Ungarii
571 4795 680 4850 terram
697 4817 704 4861 ;
720 4794 932 4866 expectandum
987 4799 1048 4856 hec
1064 4798 1204 4856 resciscat
1219 4797 1307 4866 mala,
1323 4797 1405 4872 gravi
1419 4797 1556 4859 custodia
1570 4802 1759 4861 uremur.
1770 4814 1785 4843 ⁸

111 4888 184 4946 mihi
208 4903 274 4944 esse
292 4886 384 4943 donec
409 4882 670 4958 ipsidiscederent.
691 4880 747 4939 Sed
762 4886 932 4957 utrumque,
1023 4887 1066 4943 ts.
1082 4887 1160 4943 Dum
1177 4885 1238 4943 hec
1254 4885 1454 4959 resciscerem,
1469 4886 1647 4959 telmessus,
1673 4883 1796 4963 quonia!

112 4978 185 5052 proh
211 4973 311 5035 dolori
336 4973 393 5033 tuit
415 4972 612 5031 mendacium.
628 4970 710 5028 Tunc
724 4970 850 5044 appositi
866 4978 936 5029 sunt
988 4991 1144 5050 pauperes,
1159 4991 1207 5032 me
1236 4974 1392 5048 infelicem,
1420 4976 1492 5051 qnia
1517 4976 1654 5045 divitem,
1673 4969 1794 5051 jadiel&

112 5066 258 5135 custodes,
275 5063 325 5137 qui
341 5062 414 5120 mihi
429 5067 458 5120 et
473 5062 546 5119 meis
561 5060 744 5118 adomomea
754 5060 863 5117 exitum
873 5078 936 5135 pro·
989 5065 1063 5121 tium
1076 5063 1155 5121 domi
1166 5079 1349 5132 essem,mca
1361 5080 1407 5121 me
1417 5065 1551 5123 voluntas
1564 5074 1793 5140 pauperemessv·

803 5210 924 5271 vuele
943 5212 1149 5273 th'l'lONEs.

148 5315 184 5354 ⁸¹⁸
198 5313 402 5389 amelphitiani
418 5312 447 5369 C.
485 5312 519 5348 ⁸¹⁸
534 5310 645 5369 domini
663 5312 694 5383 C,

916 5413 1033 5472 ΝΟΜ).

163 5512 531 5590 recenseantur.
1034 5510 1373 5587 (mercatorum.

162 5590 223 5663 181)
240 5586 282 5646 cl.
297 5583 585 5663 Antapodosisjvrd.
