3876 6084
120 271 180 379 roa
539 308 726 379 stranea
748 310 871 377 narse.
893 311 1037 378 varos.
1061 313 1148 380 ora.
1172 315 1269 383 rens
1291 315 1347 383 ιιι.
1765 320 1841 401 ιη

119 465 188 508 cum
202 448 277 522 vult,
287 457 383 525 petens
397 446 478 511 estde
491 449 630 524 lapidibus
643 450 715 524 filios
725 449 848 509 Abrabae
861 450 946 507 sosoi
959 449 989 519 A
1001 455 1068 507 tur:
1085 457 1193 522 Pcreot,
1208 452 1315 529 inquit,
1328 452 1407 527 prior
1419 451 1487 525 dies,
1503 455 1534 512 ia
1547 468 1601 530 qao
1618 458 1701 513 actm
1713 468 1823 529 sama

117 544 177 601 tare
191 541 294 611 (dlattb.
310 557 353 600 ιιι.
367 542 415 615 9);
431 540 486 608 Qui
496 557 551 598 aon
576 541 634 597 oatt
655 544 771 598 mortem
794 542 944 613 peccatoris
997 557 1055 598 aex
1068 544 1099 598 in
1111 559 1166 616 qao
1179 542 1282 600 dictam
1297 547 1356 600 est:
1373 544 1520 618 Conceptus
1538 552 1579 602 est
1601 547 1683 603 tono
1694 545 1764 616 (roe.
1775 565 1809 623 ar,

116 633 164 690 sed
178 641 208 690 at
219 636 393 690 convertatur
407 636 434 688 et
447 631 521 687 vivat
535 630 641 703 (lieret.
656 647 755 695 rxxru,
772 628 816 701 11)
832 634 945 686 sancto·
999 631 1025 701 3)
1038 649 1044 699 ;
1062 631 1134 688 alter
1148 649 1235 688 vero:
1252 633 1421 703 Maledictus,
1438 634 1490 706 ait,
1501 637 1551 708 qai
1562 634 1808 709 annunttmapsot

118 739 185 779 rum
199 721 335 795 precibus
347 719 463 794 pulsata
477 717 664 793 respondebit
677 717 767 786 etilli,
780 718 942 791 quodidem
997 738 1066 788 meo,
1083 721 1174 778 diceas
1183 741 1194 778 :
1208 724 1292 779 flatus
1314 729 1353 778 ost
1372 722 1426 779 tibi
1452 740 1523 797 paer
1535 723 1678 781 inescatus
1693 724 1758 797 (der.
1768 742 1802 797 ιι,

118 812 263 871 instanter
287 810 444 868 clamanti:
461 809 606 875 diaulia,
632 807 779 882 inquiens,
793 824 942 881 nusquam
1000 810 1061 881 15);
1077 810 1233 868 Psalmiste
1252 817 1358 868 contra
1377 811 1443 869 illos
1467 811 1610 869 auxilium
1635 811 1751 870 Domini
1761 813 1804 873 inr-

118 901 504 973 ulscilicetviriliteregens,
521 897 705 955 sadmollitia
715 896 850 955 muliebri
861 897 942 954 vitiis
996 900 1159 972 precando:
1177 901 1444 958 divertartarstatim
1458 902 1656 971 madescentes,
1671 901 1804 975 quaest

117 991 259 1048 enerviter
273 989 480 1057 succumbens,
496 1005 598 1059 maana
617 995 656 1043 est
671 1004 748 1043 nunc
762 987 837 1059 fides,
854 987 942 1044 idest
994 988 1087 1044 mibi:
1102 991 1184 1060 dape,
1201 1006 1268 1060 cape
1283 991 1369 1063 (Psat.
1385 1007 1461 1060 axrx,
1479 992 1516 1062 l.)

117 1080 218 1137 arandi
234 1078 460 1153 perseverantia,
479 1085 548 1139 toa:
566 1078 616 1148 fiat
630 1077 681 1133 tibi
693 1078 764 1133 sicat
778 1078 819 1132 ois
834 1074 938 1145 (blattis.
1029 1078 1073 1133 26.
1089 1077 1242 1134 Abstinere
1256 1094 1323 1134 vero
1337 1082 1419 1135 tanto
1447 1079 1542 1151 magis
1572 1096 1627 1137 aas
1653 1080 1762 1152 oportet
1773 1079 1804 1138 ab

116 1186 166 1236 xv,
174 1168 220 1240 28)
233 1171 279 1225 :et
288 1167 441 1225 sanabitur
455 1164 639 1222 animaillius
652 1164 682 1221 in
696 1162 746 1220 illa
760 1164 833 1222 hora
844 1182 851 1233 ;
861 1164 938 1237 quod
994 1165 1073 1222 omni
1089 1166 1365 1239 mendacio,quanto
1382 1168 1492 1224 certius
1508 1167 1580 1224 illud
1597 1185 1614 1225 a
1629 1166 1805 1244 diabolopra·

115 1255 200 1315 nobis
216 1256 353 1315 omnibus
367 1258 503 1330 praestare
517 1253 653 1328 dignetur
662 1252 863 1326 Redemptoris
872 1269 938 1310 nos·
965 1266 969 1273 ’
992 1254 1231 1312 cederevalemus
1242 1255 1627 1326 advertere,Dominoitade
1637 1272 1672 1315 eo
1683 1254 1806 1327 asana

116 1346 155 1402 tri
170 1345 337 1403 clementia
992 1343 1060 1399 Cam
1074 1344 1196 1416 topattor
1205 1344 1388 1414 mendacium,
1403 1362 1438 1402 ec
1459 1348 1581 1419 propriis
1601 1347 1735 1421 toqaitsa,
1750 1348 1809 1420 aare

151 1436 196 1491 tl.
213 1433 264 1491 list
278 1437 307 1490 at
321 1433 379 1490 alia
393 1431 579 1506 pereuntium
588 1432 618 1488 in
629 1435 803 1505 perpetuum
818 1431 938 1488 evidens
990 1432 1110 1490 mendas
1125 1441 1173 1499 est,
1186 1437 1295 1505 etpater
1323 1435 1383 1506 ejus
1409 1434 1497 1505 (Psat.
1519 1452 1547 1499 v,
1562 1434 1603 1507 7),
1619 1433 1724 1510 adque
1737 1451 1811 1494 mea·

115 1522 298 1596 approbatio,
314 1521 474 1594 quodcum
496 1525 555 1578 tres
578 1521 609 1577 in
633 1519 788 1594 Evangelio
802 1519 937 1593 legamus
991 1520 1064 1577 dacii
1080 1522 1168 1593 (toan.
1189 1538 1252 1589 vm,
1276 1521 1333 1594 li).
1361 1523 1394 1579 Et
1423 1522 1675 1598 Psalmograpbus
1696 1522 1809 1583 Domina

114 1614 248 1669 mortuos
262 1628 280 1668 a
296 1610 415 1666 Domino
426 1609 593 1679 suscitatos,
606 1613 745 1682 quartum
755 1608 811 1665 sibi
822 1609 937 1666 nuntia·
990 1604 1112 1683 dicati,
1129 1610 1228 1683 dicitl:
1242 1610 1342 1668 Perdes
1356 1627 1401 1668 eos
1415 1612 1464 1685 pai
1478 1613 1629 1686 bqaaatar
1642 1612 1809 1671 mentm

113 1703 177 1757 tum
202 1699 329 1757 uoluerit
361 1699 513 1768 suscitare,
537 1700 587 1756 sed
615 1697 778 1756 econtrario
808 1697 934 1754 dixerit:
989 1701 1075 1768 (Psat.
1089 1717 1115 1767 v,
1131 1701 1170 1764 7).
1183 1699 1265 1765 Quod
1276 1704 1375 1756 tamen
1387 1701 1411 1758 si
1424 1701 1460 1758 de
1470 1702 1550 1758 omni
1562 1698 1720 1761 mendacia
1732 1698 1808 1761 inlel-

112 1790 224 1845 Dimitte
237 1795 353 1846 mortuos
376 1789 492 1860 sepetire
513 1794 634 1845 mortuos
657 1803 720 1844 suos
744 1788 847 1860 (Mettis.
872 1804 934 1854 vm,
950 1821 974 1888 B
988 1788 1272 1863 ligamus,nulluma
1287 1788 1808 1864 perditioneliberumjndicamaszdi·

111 1879 168 1951 22).
185 1879 261 1935 Tres·
271 1894 338 1935 vero
350 1876 399 1934 isti
427 1877 535 1933 mortui
550 1876 608 1932 tria
622 1876 791 1949 significant
809 1875 935 1933 morien·
989 1879 1027 1934 cit
1039 1878 1116 1935 enim
1131 1877 1199 1934 alibi
1210 1877 1288 1933 idem
1302 1895 1308 1933 :
1327 1878 1513 1937 omnishomo
1527 1880 1650 1937 mendac
1664 1878 1807 1953 (Psalmi,

111 1967 189 2023 tium
200 1965 304 2024 animer
319 1981 443 2040 genera:
460 1982 554 2025 unum
567 1963 716 2023 scilicetin
730 1964 838 2029 oculto,
854 1963 934 2021 aliud
987 1967 1043 2038 ιι).
1060 1968 1133 2040 Ergo
1149 1971 1179 2022 lu
1196 1965 1259 2040 ipse
1272 1966 1332 2022 brec
1343 1965 1443 2023 dicens
1459 1968 1585 2025 mendax
1597 1966 1806 2044 prophelallb·

110 2055 142 2113 ia
156 2054 414 2130 puhlic0‚tertium
425 2055 456 2112 in
471 2055 693 2120 consuetudine,
707 2055 784 2127 quod
795 2059 823 2111 et
836 2054 935 2110 foetsre
988 2056 1038 2122 sit,
1053 2073 1121 2111 nam
1137 2060 1166 2110 ct
1181 2054 1241 2110 illic
1257 2060 1369 2111 certum
1382 2056 1626 2130 quoddam‚quod
1643 2056 1802 2132 perditionis

111 2145 229 2213 dicitur,
243 2144 273 2200 id
287 2147 333 2201 est
343 2143 544 2217 desperatione
559 2142 748 2215 recuperandi
764 2141 873 2198 vicinos
888 2143 933 2197 in·
988 2144 1040 2200 alii
1064 2144 1249 2201 solummodo
1277 2144 1451 2217 loquuntur,
1478 2145 1538 2201 dixi
1564 2147 1801 2217 mendacium,et

111 2235 211 2302 ficere:
228 2234 278 2291 sed
304 2232 373 2306 quie
388 2233 446 2290 Deo
466 2232 507 2289 nil
531 2235 577 2289 est
599 2230 791 2304 impossibile,
807 2236 836 2287 ct
859 2229 933 2286 tales
986 2250 1103 2289 omnam
1117 2234 1266 2290 hominem
1283 2233 1312 2288 in
1325 2233 1418 2289 extasi
1434 2234 1667 2307 (ll5b)‚idest,in
1682 2240 1800 2295 coutens·

110 2323 147 2380 ab
161 2322 244 2380 initio
258 2339 360 2379 ornnes
369 2323 487 2379 fueruat
498 2322 528 2377 in
540 2319 823 2393 oculisejus,quales
834 2320 863 2374 ιιι
875 2320 933 2375 flue
986 2322 1114 2395 piatione
1130 2321 1294 2379 veracitatis
1310 2322 1371 2390 Dei,
1383 2324 1480 2379 vocavi
1495 2325 1667 2381 mendacem
1680 2342 1687 2395 ;
1699 2325 1800 2383 sicula

109 2412 224 2470 futuros
238 2411 304 2469 illos
329 2411 474 2485 praevidit,
499 2409 635 2466 dilexisse
649 2426 699 2466 eos
715 2407 931 2481 comprobatur,
985 2411 1175 2467 Ecclesiastes
1191 2427 1273 2466 meus
1289 2410 1387 2482 (acco.
1400 2427 1441 2477 ιιι,
1453 2412 1505 2484 19),
1516 2418 1544 2469 et
1558 2416 1625 2485 post
1639 2412 1725 2471 illum
1737 2410 1798 2488 Apo.-

109 2518 176 2559 aum
192 2502 341 2575 insperata
351 2517 450 2558 earum
463 2499 627 2556 emendatio
638 2498 776 2555 cernitur.
789 2499 932 2564 Quartum
985 2499 1079 2557 stolus
1094 2499 1426 2572 (ltom.vm,20),vanitati
1440 2501 1618 2572 subiectum.
1630 2501 1725 2568 Quam
1739 2519 1798 2578 pra·

108 2607 174 2647 vero
189 2590 263 2646 illud
277 2607 371 2664 genus
386 2593 431 2647 est
445 2589 559 2654 mortis,
571 2589 673 2661 dequo
683 2586 844 2643 Psalmista
859 2583 931 2641 dici·
984 2591 1063 2645 terea
1079 2588 1197 2645 noxium
1213 2588 1252 2644 sit
1280 2605 1366 2645 omne
1391 2589 1588 2658 mendacium,
1604 2589 1684 2648 alius
1698 2608 1750 2648 nos
1760 2590 1798 2647 ad

107 2682 158 2736 tur
172 2695 258 2735 voce:
284 2680 422 2751 Quoniam
444 2677 572 2734 madatar
593 2679 718 2748 peccator
736 2677 766 2732 in
786 2674 932 2731 desideriis
985 2680 1085 2733 aronet
1099 2677 1199 2733 diceus
1212 2676 1257 2732 :tls
1272 2677 1341 2750 qaod
1354 2676 1798 2754 eremitarpcciditarrs'mamltsp.

108 2769 304 2833 animasum
318 2775 344 2823 et
367 2768 478 2837 iniquos
502 2764 672 2821 benedicitur
695 2764 781 2836 (Psoi.
796 2781 825 2829 x,
840 2763 887 2835 3);
903 2765 933 2818 et
985 2782 1005 2832 1,
1022 2765 1148 2835 lf);et:
1165 2766 1261 2821 l'atsus
1279 2768 1354 2821 testas
1377 2781 1433 2821 aaa
1460 2767 1514 2822 crit
1541 2768 1699 2840 irapaaitus
1721 2769 1797 2845 tPrea

109 2855 146 2913 da
168 2854 277 2927 quibus
300 2853 460 2928 propheta:
481 2853 682 2925 Pentelensem,
706 2853 755 2924 qui
778 2852 887 2908 beatum
905 2854 932 2906 te
984 2854 1055 2927 ιιιιι),
1070 2856 1110 2923 5).

108 2943 212 3011 dicunt,
229 2944 284 3016 ipsi
308 2947 333 2999 te
354 2941 494 3015 decipiant
516 2942 592 3010 (lsai.
615 2959 657 3010 ιιι,
680 2940 734 3013 12).
760 2939 833 2996 Cum
852 2938 931 2996 enim
1020 2945 1064 2999 27.
1083 2942 1269 2999 Mendacium
1293 2959 1364 2999 sanc
1390 2959 1480 3015 quam
1500 2942 1587 3019 longe
1602 2961 1620 3002 a
1635 2942 1798 3019 presulibus

108 3032 176 3105 quis
188 3035 216 3088 et
232 3029 344 3087 malum
359 3029 436 3104 quod
452 3029 522 3086 lacit
538 3029 599 3101 ipse
613 3028 753 3100 defendit,
769 3032 798 3084 et
812 3027 933 3084 adulan·
983 3031 1119 3089 Ecclesia
1134 3031 1239 3087 debeat
1252 3031 1480 3101 cssc,invectiva
1495 3033 1653 3105 cujusdam
1668 3032 1800 3093 sententis

107 3121 186 3178 tium
201 3119 344 3178 attollitur
359 3119 480 3192 insuper
494 3117 641 3186 laudibus,
658 3134 811 3191 nunquam
830 3118 866 3174 ad
884 3117 929 3172 sui
986 3120 1167 3194 hujusmodi,
1180 3137 1213 3176 ac
1224 3119 1400 3193 populorum
1416 3122 1629 3179 consuetudine
1639 3124 1720 3194 trita,
1734 3122 1798 3185 valt-

108 3210 303 3285 cognitionem
318 3208 446 3276 rediens,
459 3211 491 3263 ιιι
504 3205 660 3281 sepulturae
671 3211 804 3263 mortuus
815 3222 929 3280 aggere,
946 3185 968 3253 G
987 3209 1334 3278 musadv'erterezt'erba,
1344 3209 1492 3283 inquiunt,
1505 3212 1668 3269 sacerdotis
1682 3206 1735 3271 aut'
1744 3220 1800 3271 vert

107 3301 149 3357 ita
163 3299 213 3357 ille
237 3297 421 3356 adulantium
445 3297 520 3354 falsa
541 3296 685 3369 premitur
709 3295 930 3353 infelicissimus
985 3304 1036 3355 aut
1050 3298 1200 3371 sacrilega.
1218 3299 1341 3364 Quame
1365 3299 1511 3355 contrario
1536 3303 1637 3356 autem
1650 3298 1799 3359 veritassit

106 3389 204 3448 laude.
216 3390 373 3462 Nunquam
384 3387 485 3461 utique
500 3385 656 3453 reviviscit,
666 3385 717 3459 qui
734 3403 765 3442 se
781 3390 930 3443 mortuum
985 3392 1042 3444 Deo
1058 3387 1172 3455 dilecta,
1189 3386 1252 3458 ipse
1267 3387 1304 3443 de
1319 3405 1350 3443 se
1364 3386 1488 3461 loquens
1503 3386 1580 3445 Deus
1595 3388 1799 3449 homodamoa

107 3479 168 3537 fore
183 3496 335 3552 nusquam
344 3476 508 3553 cognoscin
520 3492 573 3533 nac
588 3476 624 3533 ad
641 3474 766 3532 salutem
781 3475 866 3543 rodit,
879 3475 930 3548 qui
985 3480 1069 3542 strat,
1085 3493 1153 3531 cum
1169 3475 1209 3532 ait
1221 3492 1227 3530 :
1238 3479 1293 3547 Epo
1318 3493 1381 3532 sam
1407 3494 1463 3547 cro,
1489 3479 1590 3533 raritas
1609 3483 1637 3534 et
1652 3480 1711 3535 oita
1722 3479 1798 3552 (aas

107 3569 203 3627 salute
218 3585 249 3626 se
259 3567 389 3641 indigere
400 3564 625 3622 minimacredit
635 3563 667 3621 In
678 3568 852 3636 perpetuum
862 3580 932 3636 ergo
985 3583 1043 3630 xiv,
1058 3564 1087 3636 6)
1100 3582 1106 3632 ;
1123 3567 1151 3620 ιι
1166 3581 1217 3638 per
1231 3565 1421 3637 prophetam:
1438 3566 1537 3622 Pacem
1550 3574 1577 3622 ct
1591 3564 1798 3625 ceritatemdsll

107 3657 229 3732 periisse
243 3653 525 3726 nondubitatur,qui
535 3651 586 3709 tali
598 3652 656 3710 line
666 3652 931 3725 defungitur.0uod
984 3657 1049 3724 pite,
1061 3655 1102 3709 ait
1115 3655 1244 3710 Dominae
1269 3654 1340 3711 Deles
1364 3654 1456 3726 (Zacb.
1472 3669 1533 3722 vm,
1553 3655 1616 3727 19);
1638 3654 1752 3713 Pascha
1762 3666 1797 3712 aa

107 3762 200 3819 genus
215 3743 319 3801 mortis
342 3757 529 3815 summopere
554 3755 653 3796 cavere
668 3756 735 3796 oum
755 3738 806 3796 Dei
822 3739 933 3797 auxilio
980 3744 1033 3815 jus
1047 3742 1235 3799 celebraretis
1249 3745 1356 3814 asymis
1371 3745 1538 3800 sinceritatis
1554 3747 1581 3799 et
1604 3746 1731 3803 resimis
1755 3752 1796 3803 aas

107 3833 286 3900 laboremus,
303 3847 356 3887 nac
364 3830 547 3888 adulantium
556 3827 718 3887 mendaciis
727 3828 762 3884 de
777 3829 862 3885 nobis
872 3846 931 3887 cre·
985 3836 1085 3888 monet
1099 3830 1255 3904 Apostolus
1270 3833 1294 3904 (l
1311 3831 1372 3889 Cor.
1387 3850 1414 3901 v,
1426 3832 1465 3894 8).
1481 3830 1598 3889 Etcum
1616 3820 1751 3906 quadam
1762 3846 1798 3907 pt-

109 3922 225 3989 damus,
241 3921 293 3977 sed
317 3923 434 3992 peccata
454 3921 554 3975 nostra
576 3921 605 3974 et
621 3916 675 3989 ipsi
697 3933 879 3984 accusemus,
902 3922 932 3975 ιι
984 3919 1047 3995 puli
1063 3920 1109 3976 sui
1125 3924 1189 3977 acta
1204 3922 1404 3993 reprobasset:
1421 3920 1565 3993 subjecit:
1582 3925 1653 3981 Haec
1665 3928 1731 3980 sunt
1747 3930 1798 3992 erat

109 4009 316 4067 accusantibus
331 4023 389 4064 nou
413 4006 585 4063 irascamur.
601 4005 664 4061 Noa
686 4020 754 4079 argo
774 4005 834 4061 leve
849 4010 931 4078 putet
984 4012 1077 4076 rerba,
1094 4012 1268 4082 pastoritia,
1290 4011 1438 4082 loquimini
1458 4013 1600 4068 ueritatem
1625 4013 1795 4087 compulsat

110 4098 178 4172 qais
192 4114 224 4156 se
247 4095 429 4153 committere
443 4099 605 4166 paccatum,
621 4111 688 4151 cum
709 4092 837 4166 aliquam
855 4094 932 4151 mela
984 4098 1341 4173 somproaimosaofflocb.
1358 4094 1793 4175 v111‚16);atreplioans:tertti·

109 4191 244 4262 agentem
259 4183 487 4242 falsislaudibus
497 4183 613 4250 attollit,
624 4200 690 4239 cum
703 4183 932 4241 Dominicavoca
986 4195 1038 4244 am
1053 4191 1078 4242 at
1092 4188 1229 4255 iustitiam
1238 4187 1360 4260 j·adicatc
1370 4191 1401 4244 ia
1412 4190 1500 4261 portis
1513 4191 1621 4246 restris.
1638 4190 1732 4265 (ibid)

15 4310 20 4315 ·
109 4278 145 4334 de
160 4292 192 4333 sa
206 4274 276 4343 dici,
292 4274 369 4347 quod
382 4277 517 4329 mortuus
527 4276 677 4328 mortuum
689 4272 819 4347 sepeliat,
829 4273 930 4332 audit:
1020 4274 1065 4332 28.
1081 4276 1163 4344 Ecca,
1180 4275 1286 4332 fratres
1299 4279 1328 4333 ιι
1343 4275 1394 4332 alii
1412 4278 1499 4350 (Deus
1525 4278 1683 4351 concedat]
1694 4278 1732 4335 ab
1745 4276 1794 4352 ipo

108 4361 373 4438 irrecuperabiliter
394 4360 473 4417 enim
488 4376 556 4417 eum
570 4360 717 4429 interficit,
734 4360 784 4434 qui
799 4362 933 4421 fortassis
986 4364 1144 4421 clementor
1159 4365 1294 4437 respecti,
1308 4382 1373 4422 ecoe
1387 4370 1500 4438 quanta
1514 4365 1793 4425 commemoravimus

108 4457 145 4513 ad
157 4450 369 4512 emendationis
378 4451 468 4507 vitam
478 4453 653 4527 resurgeret,
665 4449 723 4507 nisi
734 4450 860 4509 eumillo
869 4452 932 4509 suis
986 4471 1053 4510 vera
1067 4452 1155 4520 mala,
1172 4457 1283 4525 quanta
1295 4452 1372 4511 falsa
1383 4455 1469 4523 bona,
1486 4459 1599 4528 quauta
1623 4456 1712 4515 etiam
1724 4454 1796 4517 mitit

109 4541 328 4602 adulationibus
344 4541 525 4598 incessanter
538 4540 682 4596 obrueret.
947 4552 970 4619 ι]
986 4541 1072 4599 bonis
1087 4541 1174 4598 mala.
1190 4540 1265 4609 Quid
1281 4541 1366 4600 nobis
1383 4542 1530 4616 agendum
1552 4543 1589 4599 ad
1612 4543 1682 4613 ista,
1698 4538 1793 4611 maid

143 4636 188 4690 25.
204 4633 279 4688 Cum
292 4647 360 4688 vero
374 4634 448 4697 octa,
466 4632 498 4683 ut
511 4628 614 4685 beatus
630 4628 737 4685 fatetur
750 4629 933 4701 Augustinus
987 4630 1176 4704 prediximus
1191 4629 1350 4686 Dominam
1365 4632 1548 4705 precepisse,
1565 4649 1625 4689 nou
1647 4626 1794 4708 itajsjast·

109 4724 158 4797 (be
176 4720 297 4778 Meadao.
327 4736 355 4775 c·
376 4719 431 4790 ll),
460 4716 536 4774 tm
561 4716 621 4773 sint
645 4717 790 4773 mandacii
814 4734 931 4791 genera,
987 4716 1794 4793 mnemonitaoremus,nonitaeleemosynasfacisa'rrlr

109 4810 296 4870 adulatorum
311 4812 356 4864 est
369 4807 447 4863 inter
461 4805 570 4873 omnia,
586 4804 687 4873 fateor,
699 4804 872 4879 pessimum.
887 4805 932 4863 llli
987 4810 1065 4865 sicut
1081 4825 1174 4880 usquo
1190 4807 1227 4863 ad
1242 4807 1318 4863 hanc
1333 4808 1411 4865 diem
1427 4809 1642 4881 jeiunavimus.
1666 4796 1794 4869 crisima

109 4899 192 4959 enim·
204 4896 350 4975 praecipue
364 4899 393 4953 ιι
407 4894 606 4952 interfectores
625 4897 655 4950 et
679 4893 842 4967 sepultores
863 4899 934 4952 sunt
987 4897 1187 4970 eleemosynas
1199 4896 1333 4965 fecimus,
1350 4912 1385 4953 ne
1400 4896 1534 4955 hostibus
1546 4888 1795 4974 noeaismsliml

110 4988 277 5047 animarum
293 5001 396 5059 regum
413 4981 549 5052 maxima,
564 4983 685 5050 ducum,
702 4982 853 5052 comitum,
872 4984 934 5057 epi·
987 4985 1088 5059 utiquc
1105 4985 1181 5042 διδ
1194 4984 1356 5058 spiritibus,
1369 4986 1552 5043 occasionem
1563 4982 1800 5063 nosampliu'atr

110 5091 278 5149 scaporum,
287 5073 439 5140 abbatum,
450 5088 482 5128 ac
491 5070 588 5127 saculi
597 5070 686 5143 hujus
696 5071 933 5143 potentium,n0n
988 5074 1101 5130 ridendi
1109 5074 1349 5147 prestamusaed
1360 5074 1572 5132 rationabiliter
1582 5072 1617 5132 ιιι
1625 5064 1798 5153 simplicite

109 5162 192 5220 veriti
208 5161 336 5219 terribile
347 5159 419 5217 illud
429 5175 481 5233 per
495 5158 666 5234 prophetam
682 5158 797 5215 Domini
814 5160 934 5217 maledi·
987 5162 1213 5220 cordisDomino
1224 5160 1800 5237 servientes,curemusprimilusnallaal

110 5255 210 5309 dum:
229 5250 273 5310 Va
288 5253 337 5323 qai
359 5249 451 5306 dicitis
473 5249 580 5305 atatem
592 5248 702 5319 bonam,
718 5252 745 5304 et
760 5250 860 5305 baram
873 5266 932 5306 ma·
987 5255 1088 5307 nostra
1100 5250 1174 5306 falsa
1187 5251 1402 5309 sintssuramus
1413 5252 1541 5310 uenalia
1553 5252 1802 5329 aetimasset·

111 5342 170 5398 tam
183 5341 258 5413 (lsai.
275 5357 303 5409 v,
317 5341 375 5409 20),
392 5342 447 5396 etc.
470 5337 600 5404 Quorum
617 5337 776 5394 mortifiara
790 5338 935 5410 praeconia
986 5339 1276 5413 post,ncinordinata
1285 5340 1416 5413 [sabaudi
1424 5341 1652 5417 similibusque
1661 5342 1802 5419 nunquid

111 5430 153 5488 ita
165 5430 232 5498 tob,
247 5428 288 5487 ita
298 5433 365 5501 post
376 5426 520 5487 ieremias
533 5425 628 5499 typice
638 5424 825 5482 maledixisse
833 5426 934 5500 legun·
987 5427 1068 5484 obliti
1085 5426 1599 5501 consilii,quoddatum,inlructuose
1614 5430 1803 5517 liaetaulds!

148 5608 229 5683 (1456
243 5606 291 5668 Sio
307 5604 449 5665 nimirum
465 5604 496 5662 in
510 5602 625 5675 psalmo
639 5619 701 5673 cxv,
717 5622 745 5663 v.
762 5607 780 5663 2
798 5607 857 5679 Epo
871 5607 965 5664 dicim
978 5622 1088 5664 accessa
1102 5622 1181 5664 meo:
1199 5604 1293 5664 dranis
1306 5606 1385 5666 bomo
1397 5608 1525 5666 madae.
