3892 6090
120 284 179 346 843
598 277 837 343 Llurruauut
858 276 1132 347 CREMONENSIS
1154 276 1343 341 uctsccct.
1766 276 1824 339 att

123 410 293 471 calliditatis
306 428 313 480 ;
326 409 376 465 Ilei
396 409 483 466 etiam
499 409 592 466 editor
606 414 772 482 sancteque
798 408 947 482 religionis
959 407 989 478 A
1003 425 1059 482 que
1073 409 1304 467 conversationis
1320 407 1453 466 habitum
1467 406 1614 482 sumpsit;
1628 407 1660 464 in
1674 422 1734 480 quo
1760 413 1826 482 post

122 505 288 561 amatorum
302 502 416 556 amator
427 516 434 567 3
447 497 476 554 in
488 515 651 572 pauperum
667 497 948 555 necessitatibuscu-
1001 499 1063 556 dies
1074 499 1109 556 15
1119 502 1264 567 mortuuS,
1283 514 1329 553 me
1341 495 1462 570 parvulo
1477 495 1627 563 derelicto,
1636 495 1775 569 migravit
1789 496 1825 553 ad

120 592 217 648 riosus
234 609 241 660 3
258 605 327 662 erga
348 586 477 644 cecleslas
501 587 585 644 valde
612 587 756 644 sollicitus
771 605 778 656 ;
795 586 947 662 religiosos
1001 588 1259 645 DominumNuac
1275 591 1373 643 autem
1386 586 1526 659 quoniam
1541 585 1826 658 imperatoris'ropa·

121 679 378 754 phylosophosque
403 678 480 734 viros
500 695 558 734 non
582 677 678 735 solum
701 678 828 744 amabat,
844 693 946 734 verum
1001 689 1053 746 νοῦ,
1065 678 1094 733 id
1109 682 1154 734 est
1169 676 1303 744 Romani,
1314 676 1425 732 mentio
1436 676 1511 731 lacta
1521 673 1826 748 est,quislueritqua·

122 770 211 826 etiam
222 767 335 825 sortiter
348 767 520 824 honorabat.
532 766 587 832 Qui
600 767 654 824 etsi
665 771 708 822 tot
720 765 946 824 virtutibusela·
1000 767 1102 823 literve
1131 766 1167 823 ad
1197 765 1312 840 imperii
1343 764 1459 821 culmen
1488 763 1663 837 pervenerit,
1690 763 1741 820 bic
1770 781 1827 821 nou

123 859 215 928 rebat,
231 857 388 914 mulierum
400 860 499 912 tamen
516 855 661 912 illecebris
677 872 726 912 eas
741 855 866 912 fedabat.
1001 855 1163 912 absurdum
1179 854 1252 912 mihi
1265 854 1381 910 videtur
1395 853 1568 910 inserere¹⁹⁹.

158 947 305 1003 zotheca
316 947 492 1002 Francorum
509 961 615 1018 genere
635 944 861 1001 Teutonicorum
877 960 947 1002 uxo·
1036 945 1254 1017 25.lmperante
1267 943 1372 1010 Leone,
1385 940 1566 999 Constantini
1578 941 1669 1013 huius
1683 942 1827 1015 genitore,

123 1053 184 1093 rem
199 1040 350 1109 acceperat
365 1036 484 1092 nomiae
498 1034 686 1107 Aldam,qua
704 1032 796 1090 filium
812 1034 838 1090 ei
856 1050 947 1107 genu·
1001 1044 1115 1106 Ῥομάνος
1130 1034 1289 1106 imperator
1307 1032 1373 1101 iste,
1389 1039 1677 1106 quamquammaydr,
1693 1031 1828 1104 ptochos,

123 1132 184 1183 erat
199 1125 316 1181 nomine
332 1124 512 1181 lotharium.
531 1124 681 1179 Habuerat
696 1140 766 1179 sanc
788 1126 859 1179 tunc
874 1127 947 1180 tem·
1001 1125 1031 1181 id
1047 1128 1091 1183 est
1107 1140 1226 1196 pauper,
1241 1123 1277 1178 ab
1301 1121 1438 1179 omnibus
1464 1125 1562 1177 tamen
1578 1129 1715 1196 χρήσιμος,
1726 1121 1829 1177 chrisi·

125 1212 949 1287 parisquuadammulierenobilissima,vacabuloWan·
1002 1230 1077 1283 mos,
1093 1213 1122 1268 id
1138 1216 1182 1268 est
1197 1211 1290 1279 utilis,
1301 1210 1658 1266 habebaturllratoutem
1674 1227 1713 1265 ex
1725 1209 1831 1266 melio·

125 1302 271 1370 dolmada,
284 1301 377 1357 lilium
394 1301 512 1357 nomiae
523 1303 698 1367 Hubertum,
710 1302 846 1374 quiaunc
856 1317 948 1375 usque
1002 1301 1102 1359 eribus
1116 1301 1190 1374 ipsis
1205 1301 1255 1373 qui
1271 1298 1367 1356 navali
1383 1315 1482 1372 pugna
1497 1298 1691 1372 stipendiaab
1703 1298 1829 1371 impere-

126 1395 259 1467 superest
272 1394 300 1448 et
312 1391 423 1447 Tuscia
438 1390 589 1463 provintie
600 1389 737 1462 princeps
749 1393 852 1462 potens
863 1388 949 1446 habe·
1002 1395 1064 1446 tore
1080 1392 1260 1462 acceperant.
1278 1387 1330 1454 Oui
1352 1403 1418 1442 cum
1444 1386 1542 1459 sepius
1567 1390 1595 1442 et
1615 1387 1726 1443 iterum
1742 1394 1775 1451 et<
1786 1400 1831 1457 τιν

118 1482 183 1538 tur.
201 1480 291 1552 Cujus
317 1486 382 1537 aeta
406 1480 463 1537 Deo
487 1479 621 1554 propitio,
639 1479 702 1535 suis
727 1477 844 1537 inlocis
862 1495 948 1552 expo·
1004 1477 1196 1551 pasquistia
1226 1475 1354 1541 machin,
1371 1474 1399 1530 id
1429 1479 1473 1531 est
1503 1475 1532 1530 in
1559 1490 1669 1548 pugna,
1687 1474 1833 1532 nonnulla

125 1576 241 1628 nentur.
1003 1575 1184 1643 χρησιμότατα,
1201 1565 1411 1630 chrisimotata,
1436 1564 1464 1618 id
1489 1566 1533 1619 est
1557 1561 1651 1632 utilia,
1677 1565 1830 1633 locemus

160 1662 204 1715 21.
222 1660 342 1732 llugone
359 1658 714 1732 igiturregeconstituto,
731 1657 949 1729 sicutvirpru·
1003 1658 1059 1714 sibi
1084 1655 1238 1729 preposito
1265 1653 1336 1710 adeo
1352 1660 1454 1725 ἐτιμήθη
1482 1652 1524 1719 ¹⁹¹,
1555 1659 1832 1726 ὁπωςπροιοκαραοος,

125 1747 438 1815 dentissimus,ubiubi
448 1752 594 1803 terraram
605 1745 818 1817 coepitnuntios
829 1761 897 1801 suos
909 1744 950 1801 di·
964 1783 988 1848 B
1003 1745 1129 1804 etimithi
1140 1762 1211 1818 opos
1222 1747 1437 1816 protocaravos,
1448 1740 1478 1796 id
1494 1744 1538 1798 est
1552 1741 1718 1798 honoratus
1733 1746 1789 1810 cst,
1802 1746 1832 1799 ut

127 1836 463 1909 rigere,¹mirltorumqae
486 1850 587 1906 regum
604 1851 654 1890 seu
669 1833 834 1905 principum
851 1833 950 1890 amici·
1005 1837 1119 1910 primus
1134 1835 1252 1890 navium
1269 1833 1332 1888 deri
1341 1835 1510 1888 mereretur.
1520 1831 1652 1895 Quadam
1669 1836 1831 1888 autemno-

125 1924 488 1996 tiamqueroralleinriei
509 1923 672 1995 prasertim
689 1921 878 1979 famosissimi
904 1940 950 1980 re·
1005 1929 1059 1991 cte,
1075 1925 1146 1980 dum
1175 1921 1357 1994 exploratum
1386 1920 1545 1976 Saracenos
1574 1919 1681 1986 abiret,
1697 1926 1832 1994 essetque

127 2013 182 2085 gis,
194 2012 255 2084 qui,
267 2015 299 2066 ut
313 2028 403 2082 svtpra
417 2011 654 2078 memoravimus,
664 2011 825 2083 Bagoariis,
836 2012 948 2082 Saevis,
1004 2014 1106 2071 eodem
1119 2013 1147 2067 in
1159 2011 1221 2067 loco
1234 2010 1318 2079 palus
1329 2013 1416 2081 atque
1432 2009 1641 2065 arundinetum
1657 2027 1719 2066 non
1736 2010 1829 2066 modi·

125 2099 331 2172 Lotharingiis,
349 2099 467 2155 l'roncis
484 2103 572 2171 atque
595 2100 758 2155 Senonibus
775 2100 948 2173 imperabat.
1004 2120 1082 2169 cum,
1099 2099 1222 2173 contigit
1235 2099 1348 2155 leonem
1364 2098 1579 2154 ferocissimum
1596 2114 1630 2153 cx
1655 2099 1829 2155 arundineto

127 2192 178 2248 llic
188 2190 275 2247 etiam
285 2189 455 2245 sclavorum
465 2188 773 2260 gentemianumeram
783 2190 951 2262 subjugavit
1005 2190 1149 2265 prosilire,
1166 2204 1376 2260 cervorumque
1396 2186 1616 2242 multitudinem
1637 2187 1669 2243 in
1693 2187 1828 2260 paludem

130 2281 245 2352 sibique
259 2278 443 2335 tributariam
456 2278 542 2347 iecit;
560 2278 673 2350 primus
692 2278 781 2334 etiam
797 2278 842 2334 hic
856 2289 951 2337 uanos
1005 2282 1177 2351 dimergere,
1188 2293 1340 2349 unumque
1351 2292 1452 2332 earum
1468 2292 1579 2349 capere,
1594 2276 1698 2349 sicque
1714 2279 1748 2313 ¹⁹⁹
1763 2294 1827 2333 ven·

129 2367 298 2442 subjugavit
312 2367 427 2440 sibique
442 2367 550 2424 servire
565 2367 766 2441 coegit,aoper
780 2367 948 2426 hocnomen
1003 2370 1058 2426 tris
1087 2367 1199 2423 rabiem
1227 2365 1370 2439 mitigare.
1400 2373 1725 2437 Ρομινοςδὲ·τὸναύτῶν
1753 2375 1827 2441 ψόφον

128 2476 216 2516 suum
232 2457 334 2513 multis
350 2456 478 2513 nationis
491 2457 524 2492 ¹⁹¹
540 2455 652 2514 celebre
668 2457 743 2513 iecit.
1004 2469 1102 2516 αιουων
1123 2463 1256 2513 territam
1288 2462 1390 2528 σφόδρα,
1419 2455 1565 2510 llemaaos
1596 2455 1632 2510 de
1661 2459 1714 2512 ton
1744 2460 1828 2513 auton

162 2552 206 2604 22.
224 2548 283 2604 Rex
297 2547 387 2620 igitur
402 2547 485 2619 Hugo
500 2563 567 2602 cum
583 2562 666 2618 reges
683 2546 801 2602 sibimet
819 2564 853 2603 uo
868 2548 950 2621 prin·
1004 2549 1107 2622 psofon
1123 2562 1215 2602 acuon
1231 2543 1372 2600 ediliasen
1387 2543 1496 2613 slodra,
1512 2543 1601 2600 idest
1630 2544 1782 2602 Romanos
1796 2547 1827 2582 ¹¹⁹

126 2639 205 2710 cipes
226 2635 336 2692 amieos
360 2634 552 2691 circumcirca
581 2635 762 2707 adquireret,
784 2637 900 2693 studuit
921 2641 951 2694 et
1005 2641 1102 2693 autem
1118 2650 1219 2691 eorum
1232 2632 1361 2689 sonitum
1375 2632 1508 2701 audiens,
1519 2631 1620 2688 timuit
1632 2632 1730 2690 valde.
1745 2636 1828 2691 Pute-

125 2725 253 2782 thiviis
269 2740 375 2780 nomen
391 2740 479 2780 saum
495 2723 580 2795 longe
595 2740 612 2778 a
628 2723 712 2778 nobis
727 2723 832 2795 positis
848 2729 949 2782 notum
1003 2725 1045 2781 vit
1057 2723 1135 2781 euim
1151 2724 1362 2779 Saracenorum
1387 2719 1608 2777 multitudinem
1623 2738 1701 2790 esse,
1718 2724 1773 2797 qui
1799 2739 1828 2781 se

126 2814 230 2869 facere.
245 2812 410 2882 lmperabat
423 2828 491 2866 vero
504 2811 552 2866 his
567 2815 636 2866 tuno
651 2812 794 2883 temporis
809 2813 951 2870 memorio
1003 2816 1192 2886 conspectum
1203 2812 1305 2867 fraude
1316 2809 1525 2882 aliquavellent
1541 2810 1717 2883 perhimere.
1725 2821 1826 2886 ὀροροο

125 2902 197 2959 eatis
213 2905 241 2957 et
255 2899 341 2955 laude
351 2899 459 2972 dignus
469 2899 619 2955 Romanos
630 2899 798 2971 imperator,
809 2899 948 2969 liberalis,
1005 2911 1031 2960 et
1047 2911 1147 2975 βαθέος,
1165 2900 1267 2958 orthru
1291 2900 1326 2956 de
1349 2899 1481 2967 vatheos,
1497 2899 1524 2955 id
1542 2903 1587 2955 est
1614 2916 1702 2957 mane
1731 2907 1825 2957 auum

125 2991 284 3055 humanus,
294 2989 422 3060 prudens
433 3005 465 3044 ac
477 2988 558 3060 pius3
568 2988 616 3043 cui
627 3004 694 3044 cum
705 2993 824 3062 propter
832 3007 949 3049 morum
967 3026 970 3032 -
1003 2992 1098 3065 primo
1113 3006 1266 3063 exurgens,
1277 3006 1344 3045 oum
1352 2988 1577 3062 diligentissime
1586 2991 1825 3047 cunctocoaside-

125 3075 823 3152 probitatem,tumpropterlinguaeurbaaitatem
836 3080 948 3152 genito·
1003 3086 1091 3152 raret,
1114 3079 1277 3152 conspectis
1304 3077 1444 3151 vestigiis,
1461 3085 1557 3149 εὐθέως,
1573 3078 1708 3150 eutheos,
1726 3079 1755 3135 id
1784 3083 1824 3136 cst

125 3185 187 3225 rom
203 3183 301 3223 meum
317 3165 416 3238 dirigit
428 3165 577 3222 nuntium·
962 3151 984 3220 C
1002 3166 1577 3242 statimquidhoceseet,ognovit.Leone
1587 3166 1688 3240 itaque
1699 3169 1728 3224 in
1740 3186 1822 3224 arua·

160 3256 273 3320 23.Οοί
298 3271 366 3312 οιιιιι
396 3255 497 3311 eodem
523 3255 712 3327 pervenisset,
730 3256 805 3313 inter
832 3262 946 3328 cetera,
1003 3260 1101 3317 dineto
1128 3262 1339 3326 commorante,
1362 3266 1487 3328 Ῥομάνος,
1516 3258 1668 3314 Romanus
1703 3257 1820 3314 Grecum

125 3364 189 3419 qua>
203 3343 369 3417 imperatori
382 3344 512 3400 Romano
528 3360 577 3400 rex
602 3345 685 3417 llugo
709 3362 834 3403 munera
859 3349 946 3405 mise·
1002 3349 1111 3423 ignem,
1128 3348 1178 3421 qui
1190 3346 1271 3403 nullo
1286 3350 1390 3419 preter
1409 3346 1482 3404 aceti
1507 3346 1620 3419 liquore
1634 3345 1819 3421 extinguitur,

125 3442 170 3491 rat
207 3436 250 3505 ¹⁹⁹,
258 3433 425 3506 hujusmodi
435 3433 509 3489 duos
519 3449 605 3490 cenes
612 3433 741 3504 adduxit,
750 3435 852 3506 quales
864 3437 891 3492 iu
903 3453 947 3494 oa·
1002 3437 1132 3510 undique
1148 3453 1199 3510 per
1209 3434 1416 3493 arundinetum
1422 3436 1535 3507 jactare
1544 3435 1692 3508 precepit.
1703 3437 1820 3492 Eratoc-

123 3525 190 3582 dem
205 3541 263 3580 non
280 3527 349 3580 sunt
364 3523 522 3595 aliquando
537 3523 632 3595 patria
644 3522 709 3580 visi.
723 3524 776 3590 Qui
791 3526 863 3581 dum
879 3530 946 3584 anto
1002 3525 1280 3583 temiaaruadiaeto
1290 3541 1409 3581 acervus
1424 3524 1454 3580 ia
1466 3523 1663 3582 arundinibus
1674 3525 1817 3598 plenus,in

36 3634 39 3641 ¹
124 3613 329 3686 imperatorem
345 3612 461 3668 adducti
476 3612 613 3680 fuissent,
630 3611 686 3668 nisi
702 3613 863 3670 multorum
879 3615 945 3672 bre·
1001 3632 1088 3688 quem
1104 3632 1137 3672 eo
1148 3613 1329 3687 confugiens,
1339 3613 1388 3669 illo
1412 3618 1457 3671 est
1479 3614 1515 3670 ab
1526 3613 1594 3687 igne
1609 3614 1818 3672 salvatusvea·

106 3770 109 3775 ι
122 3702 196 3758 chiis
206 3705 384 3769 tenerentur,
397 3718 463 3757 eum
480 3701 615 3773 protinus
631 3701 778 3757 morsibus
790 3702 944 3761 laniarent.
1000 3710 1048 3760 tus
1063 3704 1171 3778 quippe
1186 3702 1332 3759 contraria
1346 3719 1380 3759 ox
1395 3706 1478 3775 parte
1494 3702 1579 3771 ilaus,
1595 3702 1708 3775 iguem,
1724 3719 1759 3759 ne
1786 3701 1816 3758 ad

122 3791 195 3846 Puto
207 3789 297 3858 enim,
309 3789 379 3861 quia
389 3789 460 3845 dum
475 3789 553 3846 huno
566 3793 724 3845 (trecorum
734 3806 814 3847 more
828 3791 945 3849 teristro
1000 3810 1135 3850 acervum
1144 3808 1238 3864 usque
1248 3792 1420 3865 perveniret,
1430 3791 1580 3848 ammovit.
1591 3792 1741 3849 Romanos
1753 3808 1816 3865 pre·

121 3878 195 3950 (icc)
210 3882 344 3950 opertum
355 3876 516 3950 habituque
527 3877 644 3934 insolito
654 3877 943 3949 videruntindutum,
999 3887 1079 3940 terea
1093 3886 1159 3955 post
1172 3880 1249 3955 ignis
1260 3880 1468 3938 extinctionem
1478 3885 1815 3938 uaotantomcumassc·

122 3982 181 4021 non
197 3965 346 4020 homiaem
362 3965 412 4020 scd
425 3969 590 4023 monstrum
607 3965 724 4038 aliquod
738 3969 924 4039 putaverant.
999 3972 1074 4038 cula,
1091 3987 1191 4027 ensem
1208 3969 1303 4026 solum
1320 3970 1432 4039 dextra,
1450 3970 1571 4027 sinistra
1586 3975 1686 4027 autem
1701 3969 1811 4044 pallium

155 4055 200 4109 21.
216 4053 346 4125 Denique
361 4069 467 4126 magno
492 4070 560 4110 cum
576 4053 686 4111 honore
708 4055 744 4110 ab
760 4056 861 4112 eodem
879 4074 943 4115 sus·
998 4059 1231 4134 gestans,looam
1243 4074 1359 4116 omnem
1373 4076 1533 4133 peragrans
1544 4057 1662 4129 lustrat,
1671 4060 1696 4115 si
1709 4060 1812 4116 lorteos

120 4147 222 4216 ceptus
239 4143 325 4199 ¹⁹⁹est
339 4143 523 4214 imperatore.
541 4143 598 4199 Nec
612 4149 672 4199 tom
689 4159 741 4215 pro
760 4142 801 4200 rei
817 4146 945 4204 navitate
997 4165 1032 4205 ex
1046 4147 1130 4206 eovel
1147 4149 1264 4221 signum
1281 4148 1398 4221 aliquod
1412 4147 1578 4223 repperiret
1590 4149 1658 4205 lam
1673 4166 1741 4207 vero
1755 4162 1812 4205 oum

119 4237 170 4289 aut
183 4248 338 4288 munerum
355 4231 717 4304 magnitudine,quantum
727 4233 942 4304 quoniamdum
997 4238 1026 4294 in
1043 4255 1076 4295 eo
1091 4241 1178 4305 esset,
1192 4242 1224 4293 ut
1238 4237 1328 4293 nichil
1350 4237 1502 4293 inveniens
1523 4238 1688 4311 repedaret,
1703 4239 1755 4312 qui
1766 4237 1812 4294 hoc

118 4323 257 4396 prelatus
272 4319 609 4393 genitor'lessaloaicam
623 4321 763 4390 venisset,
773 4321 942 4382 Sclavorum
997 4327 1120 4383 monstri
1130 4329 1217 4395 esset,
1225 4326 1302 4399 quod
1314 4341 1434 4382 acervus
1448 4323 1498 4382 ille
1511 4327 1549 4382 sit
1559 4325 1809 4400 abignesalvatus,

117 4412 249 4484 quidam,
263 4409 313 4482 qui
325 4409 447 4466 rebelles
462 4410 593 4467 Romano
608 4410 776 4483 imperatori
787 4413 943 4470 extiterant
1002 4416 1116 4472 studuit
1125 4415 1228 4471 visere.
1243 4415 1375 4487 Cumque
1391 4415 1450 4471 duo
1467 4418 1585 4488 propter
1592 4416 1624 4488 [i.
1631 4431 1657 4472 e.
1668 4416 1759 4489 justa]
1774 4430 1811 4470 as·

117 4504 283 4571 terramque
298 4500 362 4571 ejus
378 4499 606 4571 depopulabant,
614 4516 702 4572 super
715 4515 783 4555 eum
793 4500 942 4560 irruerunt
955 4524 980 4591 D
997 4505 1143 4572 sisterent,
1155 4521 1314 4576 secumque
1329 4504 1418 4561 rebus
1432 4521 1467 4561 ex
1482 4503 1635 4560 nonnullis
1651 4504 1810 4561 contabula-

114 4588 222 4645 Vernm
232 4589 282 4644 Dei
295 4592 392 4643 actum
408 4592 454 4643 est
468 4588 585 4661 pietate,
604 4591 636 4644 ut
648 4588 706 4644 duo
722 4605 823 4644 eorum
834 4589 941 4662 princi·
997 4597 1071 4661 rent,
1087 4592 1132 4651 leo
1146 4610 1196 4650 cos
1211 4597 1326 4649 tantum
1342 4592 1462 4665 audivit,
1476 4593 1617 4665 quoniam
1636 4594 1757 4668 quidem
1782 4590 1810 4649 ab

116 4694 168 4749 pes
182 4677 251 4743 vivi,
268 4676 418 4733 nonnullis
435 4677 570 4744 mortuis,
586 4679 943 4749 caperentur.Quosdum
997 4682 1156 4756 caligantes
1185 4681 1285 4738 oculos
1305 4693 1527 4756 καροτῶκαπνω,
1547 4698 1618 4754 para
1653 4686 1683 4738 to
1718 4696 1810 4755 capno,

114 4768 306 4838 praesentaret
321 4765 501 4838 imperatori,
519 4766 665 4822 immensa
675 4770 719 4822 est
734 4766 856 4824 allectus
869 4767 942 4826 laeti·
997 4771 1075 4843 quod
1089 4773 1133 4827 est
1147 4771 1183 4826 ab
1196 4770 1321 4839 sumum,
1338 4770 1436 4828 videro
1451 4788 1509 4828 aon
1525 4771 1632 4845 potuit.
1647 4770 1756 4828 Valens
1767 4768 1810 4842 igi·

118 4854 174 4921 cia,
188 4870 354 4926 magnoque
369 4854 405 4909 ab
417 4871 450 4911 eo
462 4854 577 4927 genitor
592 4870 712 4911 munere
727 4854 823 4921 dotus,
834 4857 870 4912 ad
886 4857 944 4914 llu·
996 4864 1045 4915 tar
1054 4857 1099 4916 leo
1109 4859 1200 4915 animi
1211 4860 1256 4915 sui
1272 4861 1508 4933 luroren1,qucm
1520 4861 1555 4917 ab
1568 4860 1635 4933 igne
1647 4859 1808 4933 conceperat

115 4958 220 5015 genem
237 4958 348 5014 regem,
365 4943 415 5015 qui
438 4961 470 4999 se
490 4944 565 4999 istuc
577 4941 781 5000 transmiserat
796 4946 838 5013 ¹⁹⁹,
855 4946 942 5003 rediit
996 4948 1024 5004 ia
1042 4947 1096 5004 bos
1111 4964 1251 5016 ovomere,
1267 4948 1344 5005 saltu
1360 4949 1559 5023 rapidissimo,
1573 4966 1631 5022 qua
1647 4948 1809 5007 illorumve

113 5029 284 5087 letusl⁹ost
292 5030 419 5086 reditum
431 5047 497 5087 vcro
507 5032 581 5104 ejas,
591 5031 879 5105 paucisinterpositis
891 5052 941 5092 so-
994 5054 1043 5094 ees
1059 5037 1257 5105 audierat,eos
1273 5038 1348 5094 inter
1358 5038 1493 5111 prosiliit.
1505 5038 1654 5095 Romanos
1669 5055 1746 5108 vero,
1760 5048 1806 5093 aon

112 5118 200 5188 libus,
210 5118 329 5193 langore
339 5120 721 5193 correptus,monasterium
733 5122 942 5194 petiitsaacte-
994 5130 1027 5182 ut
1042 5143 1114 5183 suus
1125 5126 1257 5184 assecula
1267 5127 1410 5201 pavitans,
1422 5128 1473 5185 sed
1484 5143 1518 5183 ee
1527 5127 1628 5201 potius
1643 5132 1805 5185 mentecoa·

147 5289 244 5345 ¹⁹¹ie.
261 5290 438 5348 nationibus.
480 5291 649 5348 198ιιιιιιιοιο
665 5292 690 5347 1.
730 5292 763 5329 ¹⁹⁹
778 5220 948 5368 siipiessiui'
949 5225 992 5354 ic
993 5224 1252 5353 Tiiiliffi'mmm,
1267 5299 1293 5353 1.
1333 5298 1365 5334 ¹⁹⁹
1379 5298 1522 5369 sequentia
1535 5313 1690 5370 mquecup.
1707 5292 1803 5354 tiad-

110 5360 172 5417 licet
198 5363 339 5432 quotcraio
354 5380 435 5431 uam,
450 5366 594 5435 perierunt
617 5364 643 5419 5.
684 5365 716 5400 ¹⁹⁹
732 5365 834 5427 crarta
851 5367 874 5424 1.
915 5366 948 5404 ¹⁹⁹
963 5367 1047 5442 sique
1062 5368 1088 5424 1.
1128 5369 1161 5405 ¹⁹⁹
1175 5370 1215 5429 ito
1233 5371 1343 5444 scripsi,
1360 5369 1496 5428 iacodc‘cc
1522 5369 1636 5429 Nomen
1665 5368 1802 5444 proprior

109 5433 220 5502 legitur.

900 5510 1015 5577 Note.

142 5574 215 5670 [idol
231 5575 448 5652 velamentum,
460 5575 586 5657 pallium
601 5578 772 5644 mulierum.
