3876 6084
121 288 163 349 'te
633 292 1829 365 440444044444-444444414444444

122 422 161 481 de
174 437 272 483 eausa
279 434 313 481 44
326 424 464 483 mentiri
477 440 536 483 nou
550 440 637 499 posse
656 427 697 482 ait
710 445 792 485 num.
807 430 876 486 lla
876 429 949 498 ‹,Ne
952 434 992 504 Ἀ
1006 431 1093 489 mmio
1108 429 1215 504 sepius
1230 431 1359 499 lundata,
1361 446 1445 489 aum.
1461 431 1504 504 hl,
1526 430 1688 507 Romanum
1707 429 1830 504 tetigere

108 512 239 570 dimitte
246 528 302 570 me
316 513 353 570 44
365 529 456 571 unam
468 517 583 588 purtem
592 516 814 585 sacerdotalem
818 522 952 577 utcome
1006 519 1133 593 querelis
1145 538 1203 577 non
1219 519 1326 578 desinit
1345 520 1455 590 sedem,
1475 519 1726 594 coepiscoporum
1736 517 1830 577 altera

121 601 191 659 dam
212 601 381 685 bucellam
390 603 509 678 panis..
529 604 644 664 dixisse
668 606 747 679 prior
773 606 837 681 ipse
865 608 951 666 dilia—
1004 623 1143 684 gregem:
1156 627 1217 668 uns
1243 609 1355 668 scilicet
1378 609 1489 667 directe
1511 611 1573 666 erst
1601 610 1638 666 ad
1661 606 1828 689 homanum

111 708 210 749 mer:
225 713 242 744 ι»
256 697 323 751 tum
337 709 405 750 varo
418 691 548 766 aliquam
563 693 647 752 hac
638 713 669 752 m
683 712 715 753 re
729 695 950 755 conventionem
1003 697 1184 772 pontificem,
1198 700 1235 758 ad
1250 716 1354 759 omnes
1366 699 1519 775 episcopos
1533 696 1634 759 altera
1640 696 1675 759 44
1691 694 1829 759 bobiensi

123 797 174 839 ssu
185 780 436 839 4444444444444
447 783 640 856 propositam,
643 784 695 840 444
710 785 764 844 abs
774 787 948 859 4444444444
1003 789 1123 861 quidem
1139 789 1339 862 manuscripto
1361 792 1429 862 post
1440 788 1510 847 tldei
1530 785 1744 862 professionum
1757 786 1827 847 auh·

124 868 342 940 4444444444
333 889 365 929 sn
380 871 439 929 4444
452 872 598 930 scribit«
584 873 670 948 «ligo
689 874 853 948 aquolibet
875 875 948 935 mihi
1002 878 1115 934 duntur
1128 878 1285 952 epistolst
1287 895 1343 948 res,
1359 895 1420 935 una
1433 878 1470 935 44
1485 874 1826 950 coannemtpdnuuesm,

123 959 363 1035 indigentissimo
370 961 429 1019 vim
436 961 499 1019 lieri
508 961 690 1036 molmquum
697 964 949 1038 pepigissesmdus
1002 967 1040 1025 sd
1056 984 1159 1025 omnes
1172 968 1275 1025 lldeles
1290 963 1826 1035 secunus,stteuissdomces1ulie,

111 1049 190 1116 {cum
202 1053 342 1119 44444444
355 1067 425 1107 cum
447 1050 562 1113 inferno
586 1068 688 1126 pacem
699 1054 816 1126 judicer
834 1054 946 1113 secisse.
1000 1054 1151 1125 Gallicum
1164 1057 1326 1115 (4444444444
1341 1056 1504 1130 episcopos.
1517 1056 1556 1118 et
1567 1054 1711 1136 4444444
1725 1053 1762 1115 ud
1774 1069 1826 1115 ex·

112 1137 321 1214 ¹Eleemosynae
335 1139 456 1214 aliquod
479 1140 832 1217 sullregium'porrigenti
847 1143 946 1213 alicui,
990 1143 1202 1219 pulsionems
1226 1145 1397 1212 Veronensi,
1421 1156 1480 1203 non
1496 1148 1634 1207 :nutemc
1657 1141 1826 1206 budicensi

122 1226 235 1287 lstrone
248 1220 302 1286 illo
316 1227 520 1302 exceptissimo
537 1251 552 1280 »
567 1229 657 1303 (44444
681 1230 792 1288 scilicet
813 1232 947 1293 invasore
1000 1235 1071 1291 4444
1085 1235 1258 1303 reserantur,
1276 1235 1312 1293 44
1325 1232 1482 1293 Phrenesis
1505 1231 1657 1295 volumius
1672 1233 1828 1311 nequeunt

121 1322 286 1391 esaapto,s
308 1332 369 1392 quo
392 1334 447 1376 nec
475 1317 691 1393 eleemosynam
718 1321 847 1394 accipere
874 1320 947 1393 vult)
1000 1322 1157 1394 pertinere,
1173 1324 1286 1397 44444
1301 1323 1417 1397 negotio
1431 1321 1601 1383 leodicensi
1615 1320 1712 1396 egisse
1726 1335 1826 1382 4444-

122 1423 275 1465 444444
290 1406 425 1481 ingratus
440 1421 497 1465 non
511 1407 637 1467 retraho.
654 1430 668 1461 ι»
685 1408 744 1469 Hoc
758 1410 946 1483 opuseulum,
1000 1411 1150 1485 gumentis
1165 1412 1243 1470 tertii
1256 1429 1290 1470 ac
1304 1412 1492 1485 sequentium
1514 1409 1698 1471 voluminum
1720 1407 1825 1483 liquet·

119 1497 198 1570 quod
209 1496 253 1553 44
262 1495 322 1554 ritu
331 1495 483 1557 electionis
495 1496 946 1571 episcoporummultaccntinet,
999 1498 1115 1559 lltcnim
1129 1499 1213 1559 liber.

106 1585 392 1665 cundici-seriptum
406 1603 442 1643 ex
460 1586 526 1660 4444
539 1587 728 1661 inscriptione
742 1589 880 1647 4444444444
900 1590 947 1649 dc·
1001 1590 1106 1649 Tertius
1132 1589 1183 1663 (ita
1201 1589 1232 1647 in
1261 1593 1422 1649 memorato
1443 1588 1598 1667 proemio)
1624 1588 1825 1662 querimoniam

108 1676 266 1735 -dtsrasiua
281 1675 402 1734 bcodici
417 1685 480 1734 4444
501 1677 691 1735 manifestum
717 1682 770 1735 est.
799 1678 946 1754 Scriptum
1036 1679 1200 1751 quibusdam
1212 1679 1412 1752 semiputatis
1424 1679 1505 1737 babet
1518 1679 1580 1748 reat
1589 1677 1720 1744 drutus.

118 1780 239 1841 qnoque
259 1765 352 1824 misse
372 1772 440 1839 post
462 1766 656 1824 intrusionem
677 1767 800 1825 baldrici
816 1772 896 1841 patet
910 1783 984 1879 44Β
1000 1772 1122 1840 Quartus
1136 1768 1205 1826 duas
1217 1770 1340 1826 44444444
1354 1765 1822 1839 tremendissimum,

119 1855 319 1926 uum.‘2,eol.
334 1857 398 1913 203.
1035 1858 1166 1917 liudberto
1179 1860 1247 1915 sutis
1256 1859 1407 1932 4444444444,
1422 1856 1551 1930 epistulas
1563 1855 1740 1928 peditus.

137 1945 199 2002 ·dt.
219 1945 416 2003 laodieccum
426 1962 494 2004 cnm
506 1945 817 2016 abiitllatherius,sese
825 1948 946 2022 Mogun-
999 1947 1118 2016 4444444
1130 1949 1336 2021 qudimcuicm
1349 1947 1477 2005 Bnuwui
1490 1945 1645 2018 specthlius,
1656 1943 1823 2017 4444444444·

117 2033 502 2108 tismrwapitatluillclmo
513 2035 733 2110 archiepiscopo
743 2036 857 2095 0444444
868 2037 945 2112 regis
1035 2044 1089 2094 4444
1103 2038 1167 2096 licet
1179 2040 1327 2105 mutuent,
1342 2034 1495 2093 4444444444
1508 2034 1719 2108 ardeuptsccpo.
1803 2066 1806 2071 ·

116 2122 456 2199 uliopsrhammtssime
467 2129 497 2183 44
507 2125 782 2184 munificentissimo
794 2131 943 2200 exceptus.
998 2125 1109 2194 Sextus,
1123 2129 1255 2200 septimus
1268 2134 1348 2200 44444
1360 2131 1470 2202 dotamus
1477 2126 1536 2198 ipsi
1547 2124 1604 2182 sint
1627 2125 1689 2184 44444
1702 2123 1825 2187 inuncet

106 2212 471 2273 ’4444444444444444444
485 2215 637 2274 occasione
653 2216 775 2284 curavit,
791 2233 855 2290 que
869 2215 946 2273 cirea
1035 2212 1826 2290 tepoti(inscriptividaliccthaldriccjuniori),oarputtt
1917 2272 1920 2276 ,

115 2302 393 2373 sumactal'ncrant,
408 2302 439 2361 in
452 2302 544 2362 libros
559 2305 702 2378 digerere,
714 2305 945 2378 qualitaselnhc·
1035 2311 1128 2364 tnmcu
1140 2307 1303 2364 multimode
1324 2304 1459 2372 liodberti,
1483 2303 1646 2362 mordaciter
1653 2311 1687 2365 ,44
1709 2303 1827 2363 ueuur

108 2406 188 2451 ·raus
198 2409 237 2451 44
246 2391 422 2451 relcuricsis
430 2391 534 2450 lateret
542 2394 590 2451 sui
605 2395 756 2467 temporis.
768 2394 875 2468 Utique
888 2394 945 2452 hoo
1034 2399 1139 2468 suctum
1152 2397 1267 2469 oratoru
1281 2395 1415 2454 444444ιί.

118 2481 388 2540 4444444444444144
401 2482 629 2556 ajusspecialius
642 2483 766 2552 inimici,
782 2484 946 2541 Rodhertus
988 2485 1091 2542 ‘bouus
1100 2486 1236 2557 satisfecit
1250 2485 1420 2541 humilitatis
1432 2485 1483 2541 sub
1495 2483 1584 2557 pallio
1597 2482 1826 2549 demessuit

118 2571 265 2641 videlicet,
276 2575 309 2630 st
333 2571 495 2642 Baldricus,
508 2573 645 2630 dixerunt
658 2589 727 2630 cum
742 2573 944 2648 phreneticum
1035 2575 1161 2631 brunoni
1185 2589 1332 2646 propensus
1357 2573 1474 2645 scriptor
1498 2573 1551 2646 444
1576 2572 1678 2643 umet,
1702 2585 1826 2631 smum

105 2660 337 2736 4444444444.
349 2679 380 2719 4.
387 2662 445 2736 4).»
430 2661 645 2719 »llinclibrum
649 2662 945 2737 ,quemccntraipsos
1034 2663 1226 2736 conqueritans
1241 2663 1363 2734 lugubri.

118 2748 253 2826 scripsit,
265 2751 428 2811 sumaim
442 2751 609 2826 appellent
611 2751 677 2810 4444
688 2752 820 2825 444444
807 2751 861 2809 44
872 2752 946 2810 ratio
998 2753 1124 2811 Decimus
1145 2751 1365 2825 deceptissimum
1385 2708 1673 2825 stimuum-precem,
1689 2749 1825 2879 44444444·

118 2840 264 2901 matu
255 2857 290 2899 ra
299 2840 432 2916 proemii
447 2841 606 2916 epigraphe
619 2841 667 2899 his
680 2841 945 2916 veihiserpressa:
1035 2844 1085 2901 tire
1098 2842 1222 2899 44444444
1237 2842 1370 2899 44444444

107 2929 429 3005 ·«lncipitpruoemium
436 2930 711 3006 Rathemreprsscpr
705 2951 734 2988 1n
741 2931 946 3006 librumquem
987 2931 1162 2991 Undecimus
1175 2932 1313 2988 concludo
1336 2933 1377 2987 est
1400 2929 1581 2988 deliberativa
1603 2875 1748 2988 4444444444
1760 2944 1824 2990 444·

111 3019 946 3095 -Phreaesimnominsvitprosdqmdnimisineoaustsre
1034 3038 1099 3094 pue,
1114 3022 1286 3078 remonitus
1297 3037 1396 3093 paruo.

119 3109 515 3184 inquosduminveheretur.
532 3109 786 3184 »Multisqnidem
797 3110 857 3185 agit
877 3127 945 3167 con·
1000 3109 1156 3182 [4444444]
1178 3109 1360 3167 Duodecimus
1388 3111 1429 3166 est
1453 3107 1578 3181 dictoque
1604 3105 1749 3179 cuiusdam
1773 3121 1825 3178 pro

119 3201 166 3257 tra
179 3198 364 3256 liudbertum
379 3184 985 3273 archiepiscopum·'lrevir'onscmquemsG
1035 3202 1143 3272 4444444
1155 3202 1254 3273 suctus,
1275 3201 1311 3256 od
1340 3201 1399 3272 ipso
1426 3207 1518 3255 tamen
1544 3214 1600 3255 uec
1622 3197 1826 3270 pediu-atu-

120 3304 180 3345 snm
193 3287 377 3361 expulsionis
389 3291 537 3345 auctorem
554 3288 735 3363 precipuum
749 3289 780 3345 in
795 3289 859 3362 ipso
874 3304 945 3362 opu·
1035 3306 1099 3346 uus.

120 3375 205 3434 scnlo
212 3376 375 3451 alloquitur
385 3397 394 3446 ς
406 3377 556 3436 nonnullis
564 3378 654 3435 etium
664 3381 765 3436 contra
779 3377 947 3435 Baldrioum
1036 3383 1103 3435 Hmc
1118 3378 1264 3435 indicasse
1277 3376 1417 3444 sufficiet,
1433 3379 1467 3432 ut
1480 3392 1545 3449 quse
1556 3375 1777 3441 desiderentur,
1793 3389 1829 3433 444

113 3466 838 3538 ¹junioremleodicensissedisinuasoremzdealiis
849 3471 947 3524 eutem
1001 3468 1083 3525 hisce
1097 3467 1279 3541 argumentis
1292 3466 1487 3522 innotescant.
1504 3464 1601 3521 Unum
1625 3479 1711 3536 porro
1726 3461 1827 3522 necin

112 3554 178 3612 ·sibi
192 3555 319 3613 44444444
333 3557 467 3630 quedam
491 3556 594 3631 paucis
608 3556 765 3616 interserit.
781 3563 815 3612 lu
829 3556 947 3613 laudato
1001 3574 1033 3615 re
1046 3574 1104 3614 non
1119 3555 1483 3622 omittendum,huctcrcm
1499 3553 1529 3609 in
1542 3552 1677 3609 Pbrcucsi
1692 3565 1776 3609 num.
1791 3548 1829 3611 td

122 3645 361 3717 prooemio,num.
376 3645 763 3715 oduddscimvoluminum,
775 3646 901 3720 quaehac
916 3644 947 3701 in
1001 3645 1128 3720 ullegsre
1139 3645 1175 3701 44
1190 3643 1246 3701 444
1261 3641 1431 3700 Lecdieensi
1445 3641 1563 3715 negotio
1578 3638 1727 3698 dommum
1743 3636 1829 3710 qnin-

113 3749 154 3790 ·ra
166 3733 345 3803 lucubravit,
360 3738 535 3809 argumenta
549 3735 832 3810 proponuntur.Nou
847 3734 948 3791 omnia
1001 3739 1064 3791 tum
1077 3733 1214 3791 volumen
1227 3750 1234 3802 ;
1251 3736 1281 3789 at
1293 3746 1376 3787 num.
1391 3731 1425 3787 13
1437 3729 1540 3787 testari
1551 3746 1583 3786 44
1596 3727 1692 3802 primo
1706 3725 1828 3800 quidem

120 3826 220 3897 441444
235 3821 361 3897 digessit
372 3824 543 3898 Mogentisc.
553 3826 634 3882 Certe
657 3825 862 3883 Conclusiouem
876 3823 946 3881 dell·
1001 3824 1057 3882 hac
1071 3823 1101 3880 in
1116 3839 1147 3879 re
1157 3820 1318 3896 digessisse
1330 3819 1436 3894 viginti
1449 3816 1779 3890 voluminusedposica
1793 3830 1828 3872 ca

121 3910 333 3983 4444444444ιί
347 3912 495 3970 undecimi
509 3912 669 3971 voluminis
688 3914 785 3971 locum
801 3912 945 3980 attribuit,
1001 3915 1038 3972 ad
1052 3912 1207 3970 duodecim
1223 3908 1534 3969 restrinxissc.tlonisr
1546 3902 1827 3965 Adm'onitionamltt

121 3999 217 4058 44444
232 4000 349 4059 leodici
365 4003 474 4076 degens
489 4003 662 4076 scripserat;
674 4006 704 4059 et
714 4002 848 4060 fortassis
858 4000 946 4059 etiam
1000 4003 1171 4071 Perpetem,
1183 4018 1265 4057 num.
1281 4000 1308 4067 2,
1325 3996 1380 4057 ccl.
1395 3998 1459 4055 243.

120 4088 234 4164 aliquot
247 4089 465 4160 alius-libellos,
479 4109 531 4149 seu
542 4091 683 4167 epistolas
695 4092 725 4148 in
739 4091 844 4149 iisdem
858 4108 946 4165 argn-
1037 4095 1081 4150 62.
1095 4090 1242 4163 Antiquus
1260 4093 1362 4146 auctor
1382 4088 1415 4144 de
1437 4086 1523 4145 Gestis
1549 4086 1738 4159 cpiscoporum
1753 4086 1826 4146 lun-

121 4178 229 4238 mcutis
243 4177 947 4254 indicatastqusdemenimejusmodivolumina
1000 4184 1152 4255 pressiora,
1168 4197 1252 4238 num.
1275 4183 1304 4248 2,
1329 4177 1428 4247 tradit,
1453 4174 1584 4235 Rathcrii
1606 4173 1712 4243 ·victui,
1726 4189 1826 4231 cnm-e

122 4267 248 4341 [nixu]
262 4285 298 4325 44
321 4267 454 4342 epistolis
476 4273 622 4342 constant)
645 4273 713 4328 ante
733 4268 945 4345 expulsionem,
990 4270 1171 4329 ·Leodicensi
1187 4270 1255 4327 sede
1270 4269 1381 4341 ejectus
1396 4266 1462 4334 luit,
1478 4264 1551 4322 sutis
1565 4263 1658 4320 luisse
1675 4261 1825 4335 prouisum

122 4362 155 4415 ut
164 4360 233 4417 4444
243 4357 277 4415 44
291 4374 347 4415 444
361 4358 439 4415 'sede
450 4361 591 4426 tueretur,
606 4360 743 4429 exaravit,
757 4377 831 4434 quas
845 4363 947 4433 poetes
1002 4384 1017 4414 ιι
1034 4359 1158 4418 indultis
1173 4357 1334 4432 aliquantis
1345 4354 1485 4430 episcopii
1493 4353 1530 4410 ad
1538 4369 1626 4409 usum
1640 4351 1708 4407 vitas
1724 4348 1827 4423 agellis

121 4446 280 4523 llcguntie
290 4463 350 4504 uua
364 4465 434 4505 cum
447 4447 559 4505 ceteris
573 4448 614 4507 ibi
624 4448 785 4506 lucubratis
794 4448 946 4524 opusculis
1001 4450 1187 4524 (Misenensi
1202 4448 1334 4503 bennun.
1351 4449 1372 4501 t.
1389 4442 1426 4499 lV
1441 4442 1509 4499 4444.
1528 4443 1586 4497 l'et
1597 4438 1745 4512 Script.,p.
1761 4437 1826 4507 859,

121 4535 323 4595 4444444ιί44
337 4536 430 4594 libros
441 4536 604 4595 distribuit.
622 4538 652 4595 Si
663 4538 694 4594 hi
707 4537 885 4595 omneslihri
895 4554 945 4596 su·
961 4557 984 4626 0
1000 4557 1025 4596 c.
1041 4538 1107 4610 33);
1125 4560 1139 4588 »
1156 4535 1305 4604 seu‚utait
1315 4531 1469 4590 lnselmus
1480 4527 1658 4596 leodiensis,
1669 4549 1685 4579 u
1696 4525 1825 4585 indultis

121 4632 345 4700 parascntncn
357 4627 530 4686 dubitemus
544 4627 616 4700 quin
632 4626 690 4686 4444
704 4626 797 4684 multa
811 4628 847 4683 ad
857 4627 947 4683 hocce
1001 4628 1027 4685 ei
1059 4619 1534 4699 quantuliscunqueepiscopatus
1549 4616 1715 4674 redditibus
1730 4613 1826 4688 (4444.
1910 4650 1913 4655 -

123 4717 232 4774 ustum
248 4715 458 4774 ullustrandum
471 4720 679 4791 suppeterent:
696 4717 746 4775 444
760 4718 946 4789 444444044-
1002 4717 1195 4774 usserium.
1221 4720 1240 4769 t.
1257 4717 1279 4780 l,
1292 4728 1321 4784 p.
1338 4709 1412 4781 478).
1429 4730 1445 4759 »
1460 4708 1502 4765 444
1524 4704 1718 4765 confessionis
1741 4704 1826 4772 libro,

122 4806 274 4864 4444444444
284 4805 502 4875 deliberatiuam,
517 4822 607 4880 quem
632 4809 779 4880 postremo
803 4805 949 4862 Veronen·
1002 4822 1091 4880 quem
1107 4801 1263 4861 444444ιί44
1278 4805 1344 4874 4444
1353 4796 1553 4872 expulsionem
1565 4793 1827 4869 scripsit,explora·

124 4895 164 4952 sis
176 4896 367 4970 episcopatus
381 4899 513 4969 tempore
525 4894 562 4952 ab
574 4899 691 4952 auctore
706 4896 742 4951 ob
754 4912 811 4951 non
820 4894 948 4951 dissimi-
1001 4899 1066 4952 tum
1077 4889 1351 4964 fit,ipsum,cnidam
1363 4886 1486 4946 4444444
1495 4884 1684 4944 Lcedicensis
1692 4882 1827 4943 44444444

125 4982 166 5042 444
178 4984 419 5043 circumstantiae
428 5001 495 5042 cum
505 4985 608 5058 paucis
621 4983 830 5041 additamentis
842 4983 947 5040 iterum
1002 4983 1094 5039 444444
1109 4979 1350 5054 propositumut
1364 4976 1498 5050 sequenti
1514 4972 1697 5049 paragrapho
1710 4971 1826 5046 plenius

125 5073 232 5132 aditam
247 5073 381 5132 exhibuit
403 5075 494 5132 codex
518 5073 732 5142 Laudunensis,
747 5090 782 5130 ex
807 5072 871 5130 eliis
889 5089 948 5128 un·
1002 5068 1359 5129 demonstrabimus.llinc
1369 5065 1554 5124 Leodicensis
1564 5062 1751 5135 episcopatus
1761 5059 1827 5116 red·

125 5162 218 5220 decim
233 5161 363 5222 laudatis
375 5162 460 5222 libris
477 5167 559 5222 solus
579 5162 693 5237 primus
707 5162 782 5220 lrber
800 5163 948 5219 Phrenesis
999 5161 1091 5229 ditus,
1108 5159 1159 5232 qui
1173 5157 1229 5232 ipsi
1240 5158 1277 5214 ad
1293 5157 1403 5214 victum
1419 5155 1558 5213 dicuntur
1571 5150 1724 5224 assignati,
1737 5150 1827 5206 luisse

126 5251 286 5328 inscriptus
300 5254 332 5309 in
346 5252 481 5311 lobiensi
494 5252 594 5311 444444
608 5252 708 5310 invent
695 5255 745 5309 tus
759 5257 813 5319 cst,
829 5251 877 5308 cui
891 5249 948 5306 ibi·
1001 5250 1140 5308 uidentur
1154 5246 1249 5304 reddit
1237 5252 1286 5304 tus
1300 5247 1364 5318 ejus
1377 5244 1511 5313 abbatiss,
1515 5242 1561 5301 cui
1578 5239 1751 5317 prepositus
1761 5237 1826 5295 luit.

123 5341 212 5400 dem
202 5360 235 5400 sn
249 5343 309 5401 4444
323 5342 443 5401 additur
454 5340 597 5416 professio
613 5341 692 5411 fidei,
708 5357 772 5414 qun
788 5342 823 5397 44
839 5339 948 5396 librum
1003 5340 1069 5397 4444
1084 5337 1225 5395 nimirum
1241 5333 1451 5393 abhatiacum
1443 5334 1549 5406 injure
1564 5334 1609 5388 est
1623 5330 1828 5403 episcoporum

122 5433 287 5491 4444444444
302 5436 592 5509 sxargumentcrum
607 5430 716 5489 indicio
731 5430 865 5505 pertinet.
875 5427 949 5485 Huic
1006 5427 1239 5495 leodicensium,
1255 5429 1289 5482 ut
1302 5442 1337 5482 44
1351 5425 1488 5499 sequenti
1496 5420 1679 5498 paragrapho
1695 5419 1766 5476 item
1782 5434 1831 5491 ps·

124 5520 407 5597 444444444444444
406 5518 510 5580 eudem
524 5519 599 5579 libro
615 5521 744 5581 secundo
757 5523 860 5577 auctor
872 5516 951 5592 adja-
998 5517 1116 5578 tebit
1079 5535 1154 5591 ,epus
1170 5515 1303 5574 redditus
1318 5514 1396 5571 inter
1406 5513 1541 5572 redditus
1554 5512 1743 5586 episcopatus
1756 5507 1831 5565 Leo·

121 5616 216 5672 44444
220 5604 466 5688 sputum-,dms
480 5633 497 5665 s
510 5626 646 5684 quarum
673 5626 735 5669 una
742 5606 840 5687 (ait
825 5623 879 5667 rn
875 5622 949 5686 pro·
1003 5607 1133 5668 dioensis
1148 5603 1407 5683 computabantur.

287 5738 423 5808 Persou.
441 5737 606 5809 4444444444.
1651 5723 1672 5794 3
