3876 6084
162 307 166 319 ,.
193 262 270 325 test
709 260 904 322 GUNZONlS
926 259 1083 322 nlaucnl
1106 259 1378 322 unvammans.
1824 263 1893 323 {292

190 396 312 452 restuto
327 391 473 451 contrario
484 396 517 449 ut
527 392 626 449 omnia
641 390 796 450 immunda
812 393 872 449 sint
888 393 1016 448 immun·
1028 396 1055 459 Α
1071 391 1286 447 eharitatisnen
1296 390 1443 447 immerito
1454 390 1898 464 figuraturss'entenariusnam·

191 483 248 540 dis.
264 482 390 555 Ideoque
413 481 443 539 in
460 481 558 538 divim
572 480 1018 554 legceautumeratutquaecun-
1072 498 1128 553 que
1142 481 1288 552 perlectus
1303 485 1349 536 est
1367 497 1519 546 numerus,
1539 497 1602 536 nen
1624 484 1750 537 tantum
1778 484 1845 555 quia
1857 485 1899 541 de·

192 583 250 645 que
264 570 418 628 immunda
431 570 1018 644 tetigissent,immundasonenthrum·
1073 570 1142 625 cade
1156 568 1310 639 solidatur,
1324 574 1467 642 quantum
1483 570 1554 642 quia
1577 569 1692 626 divinis
1708 571 1897 632 voluminibus

192 665 291 718 tamen
308 660 378 733 quia
392 660 428 716 ab
443 659 651 732 ecclesiastico,
665 665 698 716 ut
719 660 882 728 videbatur,
898 661 959 715 viro
976 659 1019 714 in·
1073 663 1203 715 sacratus
1219 656 1374 725 invenitur,
1390 657 1467 714 sieut
1479 658 1508 714 in
1524 659 1688 731 Evangelio
1707 660 1761 715 ubl
1781 660 1897 734 legitur:

165 734 300 822 [juniam
316 750 452 817 tuleram,
469 749 597 823 graviter
607 749 745 815 ferebam,
772 751 902 822 quoniam
920 751 945 804 ei
960 750 1017 804 iai·
1072 746 1154 802 Aliud
1176 747 1270 802 cecidit
1294 748 1325 801 ie
1349 750 1452 802 errem
1477 747 1586 817 bouem,
1610 756 1641 804 et
1659 751 1758 804 ertum
1782 753 1867 822 secti
1892 785 1899 794 -

192 840 282 894 micea
294 838 483 894 maledicieaet
496 837 577 905 milti,
592 839 783 894 sustinuissem
791 840 885 911 utique
898 859 908 906 ;
921 842 947 893 ct
961 840 986 892 ai
995 839 1019 893 ta
1072 839 1147 891 etam
1170 836 1336 908 centuplam.
1354 835 1451 892 Sielus
1474 852 1603 908 namque
1631 839 1782 910 ponderis
1806 842 1898 913 speeies

169 925 502 1000 ‚qeicderetmeaeper
526 943 569 982 me
584 943 686 996 meque
709 927 812 983 locatus
836 930 943 998 suisset,
959 927 1019 982 aba·
1072 927 1101 980 et
1125 923 1224 979 omnin
1247 924 1388 981 charitate
1412 925 1623 997 ponderantur,
1660 927 1743 983 sicut
1774 930 1899 1002 scriptun

168 1072 170 1078 ,
193 1015 343 1073 condamm
357 1032 401 1072 me
415 1017 534 1088 forsitan
551 1015 584 1070 ab
599 1032 638 1071 ec.
653 1016 828 1089 lndignabar
843 1020 1021 1089 quapropter
1074 1015 1119 1068 cst
1134 1029 1141 1068 ε
1158 1015 1189 1068 ln
1203 1014 1245 1068 lue
1260 1013 1365 1069 trenas
1387 1013 1525 1070 mendatis
1548 1019 1604 1071 tote
1622 1016 1674 1072 ise·
1695 1017 1800 1089 pendet
1816 1027 1840 1074 et
1851 1038 1901 1092 pre

192 1103 352 1161 vindictam
368 1120 502 1177 querens
517 1107 600 1159 metu
618 1103 755 1159 humanae
772 1103 955 1177 tragilitatis3
971 1119 1019 1159 ve·
1071 1103 1172 1175 plecte.
1189 1102 1242 1165 Qui
1259 1101 1324 1157 sicli
1339 1103 1412 1158 bene
1427 1103 1541 1175 argenti
1566 1104 1666 1160 luisse
1688 1105 1850 1163 dicuntur:
1868 1127 1904 1164 ar·

193 1196 361 1249 rumtsmen
378 1193 506 1250 sciebam
523 1191 609 1247 illum
624 1193 659 1248 de
675 1209 732 1265 que
748 1208 844 1248 sermo
864 1193 952 1250 estin
967 1211 1020 1250 suo
1074 1196 1196 1262 gentum
1211 1190 1320 1263 quippe
1336 1191 1366 1247 in
1382 1191 1490 1248 divinis
1515 1191 1732 1250 voluminibus
1756 1196 1795 1250 ad
1810 1196 1902 1269 eloquii

169 1338 176 1347 ,
194 1279 323 1336 conclavi
340 1285 506 1349 cornutum,
517 1279 721 1336 utlocusmihi
735 1280 1021 1338 nullusdetensionis
1075 1279 1236 1336 claritatem
1252 1281 1384 1345 retertur,
1402 1285 1476 1337 teste
1500 1280 1667 1338 Psalmista
1693 1284 1748 1355 qui
1770 1286 1812 1340 ait
1827 1305 1834 1342 :
1852 1289 1902 1343 Ele

195 1368 369 1440 baberetur;
395 1369 523 1426 novitius
550 1369 695 1441 siquidem
724 1386 815 1437 eram,
841 1387 934 1443 neque
954 1387 1022 1426 nera
1075 1371 1142 1441 quie
1156 1369 1275 1437 Deretini,
1289 1370 1398 1441 eloquia
1412 1374 1496 1439 cesto,
1520 1374 1760 1442 arqertamipnc
1774 1379 1901 1431 meina·

170 1516 176 1526 ‚
196 1458 303 1514 dicenti
319 1458 391 1514 mihi
405 1459 478 1514 tides
493 1458 693 1527 adhiberetur,
709 1459 824 1515 etiamsi
848 1461 1022 1516 contendere
1076 1463 1142 1512 term.
1160 1461 1369 1514 Verumtamen
1379 1458 1449 1530 quia
1461 1475 1479 1514 a
1491 1461 1629 1532 reprobis
1637 1460 1778 1519 charitas
1786 1466 1901 1522 stenima

198 1546 301 1604 vellem
316 1549 506 1618 ;retardsbar
521 1564 636 1621 quoque
652 1554 794 1621 praecepto
805 1548 950 1621 Sapientis
965 1567 1022 1621 quo
1076 1550 1104 1602 et
1119 1546 1214 1602 verbis
1231 1546 1437 1613 contemnitur,
1449 1547 1553 1604 merito
1568 1549 1673 1605 Achar
1686 1555 1718 1606 et
1731 1553 1829 1609 verbis
1840 1556 1901 1610 utin

204 1636 311 1693 dicitur
326 1655 333 1693 :
349 1639 387 1694 Ne
401 1638 561 1710 respondeus
575 1639 656 1694 stulte
667 1639 750 1709 jueta
772 1639 919 1695 stultitiam
932 1655 1021 1706 auem,
1077 1641 1206 1708 argento,
1223 1640 1252 1691 et
1266 1641 1362 1691 mente
1378 1639 1410 1691 ut
1424 1636 1454 1691 in
1468 1653 1540 1693 aure
1555 1637 1677 1694 lurtum
1693 1639 1805 1697 fecisse
1820 1660 1900 1699 nam·

172 1784 176 1789 ,
199 1742 235 1782 ee
248 1726 380 1798 efficieris
394 1728 421 1782 ei
432 1727 542 1782 similit.
559 1726 613 1782 Sed
626 1726 817 1799 quietempus
831 1732 875 1783 est
885 1726 1022 1799 loquendi
1037 1760 1061 1826 B
1077 1730 1125 1779 tur
1136 1742 1142 1792 3
1155 1723 1184 1778 in
1200 1741 1281 1791 auro,
1298 1723 1375 1780 sicut
1397 1725 1540 1798 scriptum
1556 1730 1604 1782 est
1621 1738 1630 1783 t
1660 1729 1720 1797 cat
1735 1730 1793 1786 odit
1805 1734 1900 1803 [recta

146 1820 150 1825 “
172 1874 176 1879 ,
197 1817 226 1870 et
239 1818 356 1886 tempus
373 1815 665 1886 tacendi,respondee
677 1831 764 1880 nunc,
780 1816 1021 1871 monenteeodem
1076 1829 1165 1879 auum,
1180 1812 1316 1869 demittite
1339 1822 1396 1875 eet;
1416 1812 1446 1869 in
1473 1819 1609 1888 argento,
1628 1821 1663 1872 ut
1680 1822 1731 1874 cst
1753 1818 1826 1876 illud
1840 1840 1846 1876 :
1860 1823 1900 1890 oei·

199 1902 335 1974 Sapiente
352 1920 358 1958 :
375 1903 512 1975 Repende
526 1902 609 1958 stulto
629 1905 714 1974 juxte
735 1904 1023 1960 atetitiemseemna
1076 1901 1177 1956 demerit
1201 1903 1268 1974 freti
1295 1918 1344 1957 aee
1365 1903 1459 1971 Petite,
1488 1919 1551 1960 reita
1578 1913 1639 1961 erit
1668 1907 1810 1978 yehmnae
1835 1913 1897 1981 icae.

170 2049 180 2061 ,
199 1990 256 2046 tihi
269 1992 378 2062 sapiens
392 2006 448 2046 esse
459 1991 593 2046 videatur.
609 1995 676 2046 ilaec
697 2006 811 2046 mecum
833 1991 957 2047 sollicita
976 1994 1022 2047 in·
1077 1990 1217 2047 Praeterea
1231 1990 1301 2062 quia
1316 1992 1511 2065 suntquidam
1523 1991 1575 2064 qui
1588 1996 1809 2055 nonselumee
1821 2000 1897 2054 tratri-

196 2077 326 2133 tentione
340 2078 513 2151 perquirens
537 2064 689 2134 scrutabar
699 2079 859 2135 accidentia
880 2097 1020 2154 persone,
1076 2079 1131 2134 hus
1145 2077 1288 2151 impertiri
1304 2078 1417 2144 nolunt,
1440 2081 1490 2137 sed
1514 2083 1668 2140 exteriora
1696 2102 1819 2160 queque
1832 2089 1895 2144 dene-

199 2181 265 2238 quae
279 2166 374 2223 fraudi
389 2166 584 2235 convenirent;
598 2166 775 2238 deprehendi
786 2169 905 2224 tandem
917 2170 945 2225 in
955 2171 1020 2241 ejus
1075 2172 1156 2240 gent,
1169 2167 1277 2224 idcireo
1291 2168 1386 2223 Aehar
1412 2185 1478 2224 cum
1501 2186 1596 2226 aurea
1622 2175 1747 2248 regula,
1765 2182 1847 2250 atque
1859 2179 1896 2233 dn·

196 2253 279 2311 vultu
295 2253 420 2314 colorem
435 2255 501 2312 vilis
516 2255 637 2324 metalli,
654 2273 711 2328 que
731 2257 826 2314 solent
841 2259 967 2329 pretiosa
981 2261 1023 2314 vi·
1075 2257 1167 2312 centis
1192 2256 1272 2314 siclis
1296 2257 1418 2331 argenti,
1441 2258 1614 2317 coceineum
1641 2279 1771 2336 queque
1798 2266 1895 2340 pallium

175 2403 178 2408 ,
196 2343 274 2400 tiari.
288 2344 406 2402 Persius
422 2361 429 2402 :
1075 2343 1232 2402 abstulisse
1247 2351 1435 2403 memoretur.
1451 2350 1561 2405 Gceeus
1574 2352 1695 2410 etenim
1714 2354 1795 2428 ignei
1814 2356 1895 2412 eoloris

228 2433 266 2484 Ne
280 2446 334 2499 qua
347 2434 397 2484 suh
412 2438 485 2485 erato
499 2434 659 2486 mendosum
673 2436 770 2487 tinniet
783 2451 859 2487 auro.
1075 2438 1129 2503 est,
1141 2439 1168 2489 et
1184 2433 1311 2492 charitas
1324 2436 1425 2492 ardere
1440 2435 1627 2508 perhibetur,
1650 2441 1737 2499 sicut
1751 2444 1781 2500 in
1794 2445 1896 2517 drenge

173 2514 179 2598 j
197 2519 417 2579 Calamistratos
432 2523 563 2598 capillos,
574 2525 699 2583 nitidum
716 2525 890 2598 ultraquam
905 2532 1019 2600 eporte-
1075 2523 1114 2579 lio
1130 2523 1237 2596 legitur
1252 2542 1259 2580 :
1276 2526 1371 2580 Nonne
1383 2541 1430 2582 cor
1450 2533 1573 2597 nestram
1583 2529 1695 2586 ardena
1708 2541 1772 2590 erat
1786 2537 1814 2589 ia
1827 2537 1895 2599 notis,

173 2601 242 2688 ,ret
255 2610 415 2682 cucullum,
440 2614 529 2685 pedes
553 2612 817 2671 calceamentorum
839 2616 1020 2674 adherentes
1074 2628 1136 2667 cunr
1150 2612 1305 2685 loqueretur
1318 2614 1348 2668 ie
1367 2615 1423 2683 vie,
1437 2619 1463 2670 ct
1486 2616 1611 2688 aperiret
1633 2620 1724 2678 notia
1747 2624 1896 2695 scripturas?

176 2752 180 2759 ,
197 2700 321 2772 pedibus
337 2701 386 2774 (l),
403 2716 439 2757 ne
454 2700 553 2758 tollere
575 2702 690 2774 possint
706 2719 712 2759 :
728 2704 836 2776 quihus
855 2705 972 2762 indiciis
986 2706 1019 2762 B.
1074 2701 1148 2766 Quid
1161 2701 1414 2775 igiturdecernitis
1428 2699 1444 2758 ‘l
1456 2704 1680 2764 Ncunevidetis
1698 2711 1895 2782 quiainomni-

197 2788 392 2861 lliercnymus
405 2806 549 2862 sponsum
566 2792 723 2849 monstrari
746 2793 839 2861 doeet,
858 2794 995 2866 inquiens
1011 2813 1018 2852 ς
1075 2791 1130 2847 bus
1141 2791 1170 2846 in
1186 2791 1294 2864 quibus
1309 2792 1608 2851 circumcisusdehar
1620 2800 1773 2869 peccarit,
1789 2799 1896 2858 cuculla·

197 2873 267 2932 Sunt
281 2877 393 2947 quidem
415 2880 472 2934 mei
489 2879 595 2935 ordinis
619 2881 712 2936 clerici
734 2883 832 2953 quibua
854 2900 921 2940 cure
935 2891 974 2942 eet
988 2886 1021 2943 de
1074 2883 1122 2937 ius
1136 2880 1232 2936 Achar
1246 2879 1401 2954 culpabilis
1416 2881 1591 2939 invenitur?
1621 2887 1762 2945 Auream
1788 2889 1895 2964 regalem

194 2965 315 3020 aestibus
329 2966 355 3021 ai
370 2965 435 3022 tene
449 2967 548 3034 oleam,
567 2969 593 3023 si
612 2969 727 3038 enputae
741 2986 771 3024 m
791 2970 885 3042 digitis
899 2974 1019 3047 redunt,
1074 2967 1211 3042 sublcssib
1228 2970 1345 3042 qucudc
1362 2971 1501 3027 cdrcrssiffl
1524 2972 1652 3031 ircircm
1676 2978 1895 3043 mulcrcicuiim

195 3053 222 3108 ei
238 3053 335 3125 capilli
347 3053 437 3110 attide
451 3057 840 3130 compositioneeomplaeeent,
852 3062 879 3115 ai
889 3077 940 3133 per
954 3065 1020 3121 taxa
1074 3060 1170 3113 mente
1185 3059 1328 3130 concepit,
1341 3059 1482 3116 ducentos
1496 3062 1615 3133 argenti
1630 3063 1730 3123 siclos
1744 3068 1867 3133 abstulit,
1873 3069 1895 3122 in

192 3141 265 3213 perte
278 3157 333 3198 noe
346 3142 450 3215 follem
463 3145 515 3199 llee
538 3145 605 3200 tutes
619 3160 683 3200 cum
705 3146 815 3216 videris,
840 3153 928 3221 megia
941 3168 1018 3225 spon.
1033 3130 1055 3199 G
1074 3161 1107 3200 eo
1122 3147 1198 3218 quod
1215 3145 1447 3203 malevolentiam
1453 3152 1550 3204 mente
1559 3159 1749 3226 conceptam
1764 3158 1895 3214 verboram

177 3245 236 3305 ‚toa
249 3231 357 3287 aestime
371 3248 454 3305 qaam
467 3233 589 3290 aleriam.
602 3233 674 3290 Hine
689 3234 750 3307 ipse
770 3238 937 3310 generalem
953 3258 1023 3298 sen.
1077 3232 1194 3290 indiciis
1208 3234 1360 3307 patefecit:
1371 3235 1808 3315 coceineumquoquepallium
1816 3245 1895 3302 funin

194 3318 316 3375 tentiam
332 3321 490 3393 proferens,
510 3321 615 3395 inquit.
632 3326 688 3379 Nec
702 3325 837 3396 affectatae
856 3328 959 3397 sordes,
973 3347 1023 3388 nec
1076 3324 1183 3394 ccccii,
1209 3324 1327 3396 quando
1347 3326 1416 3397 jura
1439 3325 1655 3398 hospitalitatis
1675 3331 1710 3388 in
1731 3352 1818 3392 usum
1831 3334 1896 3391 vertit

179 3409 339 3484 'emostis’
352 3410 497 3467 munditiae
508 3413 671 3468 convenient
687 3413 851 3472 cariatone.
867 3417 918 3473 His
934 3419 1023 3492 igitur
1077 3428 1170 3483 pruvm
1186 3412 1445 3486 redargutionis&
1463 3413 1709 3489 palingenesiam
1730 3424 1777 3480 vet
1798 3429 1897 3481 metem-

176 3498 366 3571 perspectis,
383 3500 497 3558 curiose
511 3499 611 3556 rimari
628 3502 700 3574 coepi
717 3507 816 3560 utrum
831 3508 1022 3580 propriique
1074 3502 1220 3573 psycosim
1229 3501 1396 3575 Pythagora
1407 3502 1496 3560 stulte
1504 3505 1728 3582 quisaccipere
1749 3509 1896 3581 valletani·

175 3601 251 3658 ‚que
278 3588 406 3645 nominis
435 3594 504 3646 nota
538 3589 622 3647 lactis
661 3592 847 3648 consentiret.
885 3596 1022 3660 Quidni?
1075 3605 1154 3645 mum
1176 3589 1341 3647 circumcisi
1367 3591 1462 3648 richer
1485 3595 1601 3666 corpori
1625 3596 1725 3658 istius
1747 3601 1894 3659 nullatenus

193 3672 232 3746 (5)
254 3674 349 3732 Achae
364 3692 491 3750 namque
518 3678 686 3747 vocabatur,
710 3680 793 3752 quasi
817 3697 852 3737 ex
877 3685 1018 3759 presagio
1052 3684 1056 3691 '
1074 3677 1172 3735 inesse
1188 3679 1347 3736 dubitaret.
1364 3681 1494 3738 Curtavit
1518 3681 1569 3738 illc
1585 3684 1670 3743 furto
1686 3690 1894 3765 rempublicam,

193 3762 381 3821 lurisnomen
397 3767 548 3839 acceperit.
565 3766 679 3839 ¹Netum
709 3769 818 3842 quippe
834 3774 970 3845 estquod
987 3773 1018 3830 in
1073 3767 1283 3840 rempublicam
1318 3769 1411 3826 mulic
1437 3771 1532 3845 magis
1560 3771 1618 3830 iric
1660 3785 1784 3836 curtare
1810 3779 1893 3843 rciuii.

109 3875 112 3880 ’
192 3851 305 3911 excidio
318 3855 526 3912 ierichontina
538 3856 725 3913 urbisAehar
740 3859 944 3917 lurtoauream
955 3880 1019 3920 sus·
1042 3879 1046 3882 ·
1072 3858 1189 3928 quando
1205 3863 1323 3930 accepto
1337 3859 1452 3929 itinere,
1462 3876 1509 3918 me
1519 3876 1680 3922 removere
1695 3867 1894 3926 tentaritscict

190 3940 291 3998 tulerit
306 3943 447 4015 regulam,
464 3946 594 4017 certique
613 3945 751 4017 ponderis
766 3946 854 4004 siclos
870 3966 935 4005 eum
952 3968 1015 4009 000.
1070 3945 1191 4001 forsitan
1202 3946 1299 4019 etipse
1314 3949 1892 4028 quantumdamnumreipublieainferre

191 4029 272 4086 einee
294 4029 393 4103 pallio.
421 4031 512 4104 lgitur
532 4034 581 4103 qui
603 4035 778 4101 conveniunt
803 4037 932 4108 nomina,
950 4059 1015 4113 per·
1069 4033 1171 4103 millii,
1189 4052 1255 4090 cum
1271 4040 1426 4109 pcsiqucm
1439 4037 1514 4106 Veni,
1538 4040 1613 4110 quid
1638 4043 1717 4102 utile
1732 4047 1837 4120 egerim
1854 4061 1893 4099 ee·

175 4119 315 4184 ,serutari
331 4117 425 4192 liquet
440 4122 586 4193 quemodo
608 4122 733 4178 ducrum
745 4131 910 4198 congruunt
927 4129 1012 4188 lacta.
1068 4123 1209 4194 gnoverit.
1224 4123 1342 4182 Amalec
1357 4125 1387 4181 in
1402 4125 1449 4182 via
1463 4126 1535 4182 mihi
1551 4132 1700 4200 occurrit,
1715 4139 1887 4208 emptumque

172 4206 415 4279 ,PrimusAehan
425 4209 476 4282 qui
485 4210 632 4268 enetltenie
646 4210 864 4285 interpretatur,
880 4217 1021 4290 regulam
1067 4211 1122 4266 iter
1136 4212 1331 4270 intercludere
1345 4213 1445 4284 voluit,
1461 4217 1547 4288 cujus
1565 4223 1749 4280 memoriam
1765 4225 1800 4280 de
1813 4223 1884 4279 terris

188 4312 308 4354 auream
324 4298 459 4372 sublegit,
478 4301 624 4357 secundus
635 4301 1012 4377 isteAeharregulambene
1067 4316 1097 4355 rc
1105 4299 1247 4357 Dominus
1260 4302 1426 4360 abluturum
1448 4306 1887 4383 comminandopromisitnm-

185 4385 299 4442 vivendi
316 4389 755 4464 eontempsit,regula‚namque
769 4392 805 4447 ad
821 4392 875 4449 hee
890 4395 1011 4453 adhibe·
1065 4388 1108 4445 icc
1123 4390 1231 4463 quippe
1252 4391 1373 4447 imiimi
1392 4393 1511 4464 POPW
1530 4393 1763 4469 intermittitis»
1779 4401 1822 4457 ⁰²¹5
1836 4414 1886 4454 mi·

185 4479 235 4531 tur
249 4479 282 4532 ut
301 4476 443 4534 rectitudo
458 4480 746 4552 servetur,0uisquis
756 4482 863 4539 etenim
879 4485 1048 4566 regulamD
1065 4478 1121 4535 riic
1136 4485 1342 4552 cumpcrcuiur
1362 4482 1411 4554 qui
1441 4481 1607 4540 liiicrcrum
1636 4491 1825 4562 superficiem
1844 4489 1886 4544 liu

184 4563 259 4620 bene
278 4565 391 4622 vivendi
407 4567 650 4640 spernit‚auream
661 4569 737 4625 furto
747 4587 880 4628 normam
895 4573 1010 4630 subtra·
1065 4571 1147 4640 guni,
1158 4573 1187 4624 ci
1196 4569 1232 4624 cd
1241 4574 1345 4641 gustus
1356 4569 1539 4627 dulcedinem
1549 4579 1811 4647 nonperventunt:
1823 4592 1882 4650 ques

169 4652 237 4719 ,hit
250 4654 281 4709 ln
302 4671 386 4710 saera
400 4672 526 4729 namque
540 4658 688 4730 Scriptura
711 4676 816 4715 aurum
834 4660 1007 4735 plerumque
1062 4657 1235 4729 hyprocritis
1250 4659 1462 4730 comparandos
1478 4658 1580 4717 nullus
1595 4663 1700 4723 fidelis
1715 4665 1881 4737 dubitatqni

170 4742 220 4822 ad
237 4742 420 4816 splendorem
447 4747 744 4818 sapientiereiertur.
769 4749 841 4805 Hinc
856 4751 886 4805 Β.
903 4755 1006 4825 Grege-
1061 4746 1212 4802 dumficte
1229 4751 1474 4820 Deumquaerunt,
1502 4748 1637 4807 invenire
1660 4771 1720 4810 nen
1734 4760 1881 4819 merentur,

182 4831 245 4888 rius
261 4833 396 4901 trierem,
412 4834 518 4906 inquit,
538 4838 590 4892 Dec
613 4839 762 4910 atterimus,
778 4840 845 4893 siin
862 4850 1004 4911 conspeetu
1058 4853 1132 4908 quos
1147 4837 1301 4891 mundana
1317 4835 1485 4892 litteratura
1504 4837 1668 4911 scriptores
1679 4844 1779 4900 servili
1795 4843 1881 4900 condi·

182 4920 261 4977 illies
275 4921 334 4978 lucc
348 4924 488 4995 sapientiae
509 4925 718 4996 resplendemus.
736 4927 816 4991 Quod
832 4928 921 4984 iurari
938 4948 1003 4987 eon·
1056 4926 1127 4983 tioni
1144 4926 1295 4998 deputant,
1308 4931 1341 4981 ut
1355 4930 1400 4982 est
1411 4924 1481 4981 illud
1496 4926 1652 4986 iuvenalis
1670 4949 1677 4986 z

180 5006 450 5085 vinciturquisquis
457 5018 609 5085 acceptum
621 5015 702 5070 alteo
717 5013 867 5088 ingenium
879 5019 1003 5076 vertitin
1087 5016 1140 5065 NOS
1154 5013 1297 5078 miccium
1312 5015 1456 5065 incuiifflur
1470 5013 1599 5066 lambenti
1612 5022 1740 5071 crustula
1755 5036 1838 5072 serro-

168 5109 269 5176 'usum
283 5116 377 5169 pravae
392 5102 578 5174 operationis.
602 5103 747 5160 Ducentos
776 5122 891 5179 quoque
915 5107 1002 5164 siclos
1057 5104 1224 5160 Mirandum
1238 5109 1334 5161 tamen
1350 5108 1394 5160 est
1409 5120 1460 5159 eur
1477 5104 1668 5165 miserrimus
1684 5110 1822 5168 inviderit
1834 5111 1875 5166 he·

179 5180 257 5240 idem
270 5185 365 5243 heber
378 5189 491 5248 iuratus
506 5192 623 5265 dieitur,
639 5211 690 5265 per
698 5210 771 5265 quos
779 5195 897 5267 gemina
909 5197 1002 5254 virtus
1057 5193 1214 5260 numellis,
1231 5193 1309 5266 quod
1324 5193 1510 5265 prolaturum
1534 5194 1592 5250 sibi
1613 5196 1726 5255 noluit.
1747 5199 1820 5256 Proh
1834 5197 1879 5252 do·

163 5382 171 5392 .
215 5326 251 5397 (i)
264 5325 386 5383 Videtur
399 5329 696 5408 legendumpoltibos,
713 5336 802 5420 idque
816 5339 888 5394 setis
903 5339 1002 5396 innuit
1056 5337 1177 5405 piorem,
1204 5335 1307 5418 quiin
1327 5340 1355 5392 S.
1380 5335 1455 5394 Galli
1474 5337 1584 5395 scholis
1607 5342 1819 5416 magisterium
1833 5338 1876 5394 ali·
1933 5320 1936 5335 ⁸

164 5395 259 5466 ‚loeus
278 5398 456 5471 sebsequens
472 5422 506 5460 ex
527 5407 711 5481 Hieronymo,
737 5425 761 5464 at
777 5427 827 5481 pes
853 5410 917 5466 mae
928 5412 1001 5481 pelle
1055 5409 1173 5483 quando
1198 5412 1301 5474 tenuat,
1329 5413 1431 5480 postea
1454 5409 1583 5466 decanus
1605 5411 1746 5485 effectus,
1762 5413 1875 5472 oblatam

176 5469 282 5544 folleat.
295 5541 301 5554 ‚
1054 5481 1142 5538 etiam
1154 5479 1268 5536 abbatis
1278 5479 1611 5562 dignitatemrecusnvit,
1624 5500 1689 5540 non
1698 5486 1874 5562 dignuscertc

211 5542 252 5620 (ὅ)
268 5542 320 5602 Ηιο
339 5541 417 5604 haud
442 5543 548 5608 obeure
570 5549 702 5629 designat
722 5551 928 5614 Ekkhcerdum
958 5569 1000 5614 se·
1053 5557 1115 5614 tam
1131 5550 1259 5615 mordaci
1273 5553 1302 5611 et
1315 5551 1453 5612 indecora
1467 5552 1712 5631 reprehensione.
