3876 6084
119 227 199 289 {229
809 225 1140 293 CHAR'l'UbARlUM.
1755 226 1840 295 1930

119 357 274 432 regiminis
285 359 349 432 jam
362 358 432 416 dieti
446 358 601 417 Adalardis
613 357 729 416 abbatis
746 375 776 414 x1
792 359 860 431 (81),
876 375 947 417 con·
960 358 990 429 Α
1039 383 1054 411 a
1068 360 1190 434 siguum
1213 361 1385 430 amalberti,
1414 359 1528 420 domni.
1560 360 1685 434 Signum
1703 358 1839 433 Batonis,

120 447 208 506 cessit
231 447 324 505 isdem
349 449 441 506 abbas
464 465 517 522 per
545 446 721 523 pratariam,
751 447 868 504 cuidam
898 448 950 505 ho·
1004 449 1141 506 monachi
1156 450 1372 524 etpresbyteri.
1391 473 1406 502 a

119 537 193 593 mini
219 535 343 594 oduino
371 542 480 593 terram
500 553 590 610 quam
627 536 772 594 habuerat
800 536 895 594 isdem
918 537 950 594 in
1038 560 1054 590 «
1064 538 1244 597 Guntbertus
1259 539 1378 613 scripsit
1392 545 1421 597 et
1434 539 1621 615 subscripsit.
1636 559 1651 591 a

119 625 260 683 beneficio
283 625 313 681 in
334 626 497 694 cafitmere,
521 626 551 681 id
576 630 622 682 est
649 624 774 683 bunaria
799 643 865 696 xxx,
881 643 950 684 eum
1038 627 1098 684 Xll.
1115 629 1317 686 Desaccasaorc
1331 630 1407 687 beato
1417 629 1707 703 Fotquiaodcstiaoto.

118 713 305 788 portiuncula
332 731 422 788 quem
446 715 539 773 isdem
575 714 719 771 Odwinus
734 715 894 772 tradiderat
912 718 949 772 ad
1037 716 1501 791 Ouiaigiturmantionembaati
1514 716 1649 792 folquini
1665 715 1771 774 fecisse
1786 729 1836 773 me

118 803 331 861 monasterium
359 803 455 871 Sthiu,
480 804 510 860 in
532 820 607 878 pago
631 803 808 873 Bouonensi,
832 804 862 860 in
886 803 949 861 loco
1003 807 1135 877 memini,
1152 807 1223 865 libet
1236 809 1333 866 adhuc
1347 826 1441 867 unum
1456 810 1521 882 ejus
1537 825 1611 882 opus
1632 805 1681 865 hic
1693 805 1837 864 intexere.

118 897 310 966 nuncupante
334 891 676 966 Mighem,bunaria111;
692 892 722 948 in
739 909 773 948 ca
788 892 950 960 ratione,ut
1003 896 1081 968 qnod
1096 895 1190 953 recolo
1206 913 1253 954 me
1268 899 1429 971 agnovisse,
1446 898 1588 956 Wicfrido
1617 896 1758 971 pontifice
1767 911 1839 954 nar·

117 982 205 1038 annis
220 980 401 1055 singulis,ad
421 981 609 1039 festivitatem
620 981 713 1038 sancti
724 981 949 1052 Bertini,Nonas
1004 990 1097 1043 rante.
1107 986 1332 1060 Longainquit,
1347 992 1497 1046 senectute
1507 986 1716 1058 fessus,isdem
1730 985 1836 1043 beatus

119 1070 313 1144 Septembris,
328 1071 364 1126 de
375 1087 440 1127 cera
453 1069 566 1127 valente
581 1069 689 1127 solidos
702 1088 721 1127 v
739 1070 893 1144 persolvat,
916 1076 950 1129 ut
1002 1074 1126 1132 antistes
1147 1075 1320 1150 folquinus,
1336 1077 1497 1151 utuptaqui
1506 1095 1544 1134 xa
1557 1076 1587 1133 in
1597 1075 1768 1150 episcopatu
1775 1072 1835 1132 fera

117 1158 281 1233 specialiter
304 1158 404 1216 lumen
426 1160 462 1216 ad
484 1158 586 1227 altare,
613 1164 679 1216 ante
698 1160 776 1232 quod
792 1162 948 1234 patariam
1002 1168 1138 1238 pergerat
1151 1181 1273 1234 annum,
1289 1181 1357 1223 eum
1369 1166 1432 1237 lam
1449 1183 1507 1223 non
1516 1167 1616 1240 posset
1629 1162 1746 1239 publica
1761 1161 1833 1221 mis·

117 1246 948 1320 dictiabbatisHunrooustumulatusnoscitnresse,nullo
1001 1269 1102 1310 sarum
1122 1251 1265 1311 solemnia
1288 1253 1445 1326 celebrare,
1469 1254 1586 1329 cognito
1613 1253 1679 1326 boc,
1705 1267 1756 1311 rex
1782 1250 1832 1309 illu

119 1354 251 1411 unquam
267 1336 343 1396 desit
357 1341 499 1411 tempore.
1001 1341 1098 1398 adhuc
1111 1343 1234 1412 vivente,
1247 1344 1325 1416 quod
1340 1348 1441 1402 contra
1450 1360 1578 1407 canonas
1591 1345 1664 1413 erat,
1679 1354 1833 1400 successo·

1000 1431 1106 1592 aa
1120 1429 1834 1595 reaerameseieaar

1109 1561 1118 1590 l
1230 1561 1237 1587 f
1504 1563 1512 1590 l

150 1606 179 1678 (5
191 1604 263 1677 Sept.
279 1604 356 1677 855.)
372 1625 387 1656 a
411 1603 583 1678 Quicunque
605 1608 732 1662 maiores
756 1605 946 1664 ecclesiarum
1001 1605 1165 1664 brutionem
1174 1608 1317 1676 misereat
1329 1625 1415 1666 omne
1427 1607 1601 1683 mysterium
1610 1602 1832 1680 supplantatore

120 1693 168 1750 llei
175 1686 263 1766 'juste
274 1696 304 1750 at
313 1696 511 1766 competenter
528 1693 673 1750 devotioni
688 1693 819 1753 bdelium
836 1713 946 1753 annue·
999 1698 1125 1765 astante,
1143 1695 1274 1770 implevit
1289 1697 1509 1754 strenuissime
1520 1698 1558 1753 At
1579 1695 1629 1753 ubi
1646 1692 1768 1753 ventum
1784 1695 1830 1752 est

117 1783 186 1851 rint,
202 1781 253 1838 Dei
269 1798 300 1838 se
315 1782 345 1839 in
359 1781 413 1838 hoe
427 1781 573 1837 voluntati
599 1799 700 1854 parere
724 1800 781 1840 uon
800 1784 945 1855 dubitent,
960 1744 984 1810 B
1000 1784 1036 1841 ad
1052 1785 1192 1854 dandam,
1209 1784 1251 1840 uti
1276 1785 1405 1859 episcopi
1432 1801 1496 1842 mos
1511 1788 1565 1856 est,
1585 1780 1831 1853 benedictionem,

115 1871 226 1929 idcireo
248 1869 353 1926 dilecto
379 1870 409 1925 iu
437 1869 560 1926 Domino
584 1869 644 1927 illio
669 1870 801 1928 Ecclesiae
827 1877 944 1946 nostra,
998 1888 1082 1929 verso
1104 1872 1215 1943 ordine,
1245 1872 1367 1945 protulit
1390 1872 1450 1930 illie
1471 1871 1717 1931 maledictionem.
1736 1873 1774 1928 At
1787 1869 1832 1928 illl

87 1984 93 1992 ·
114 1959 250 2027 Odwino,
259 1973 312 2031 ego
327 1957 358 2012 iu
374 1956 550 2015 Deinomine
559 1957 734 2028 adalardus,
744 1961 836 2019 abbas
847 1978 945 2020 mona·
1000 1956 1116 2033 trepidi,
1133 1977 1211 2033 cum,
1227 1961 1359 2018 ascensis
1380 1961 1541 2034 equitibus,
1561 1959 1727 2035 tdpfflllt'iss
1740 1972 1831 2034 oupe-

113 2047 195 2104 sterii
217 2046 326 2117 sithiu,
354 2062 421 2103 cum
451 2063 598 2103 consensu
614 2047 738 2105 fratrum
762 2056 942 2120 nostrorum,
999 2052 1064 2106 rent
1077 2049 1191 2118 reverti,
1207 2048 1238 2106 iu
1255 2050 1349 2107 media
1366 2049 1414 2108 via
1432 2049 1637 2125 supplantator
1650 2047 1780 2123 episcopi
1793 2046 1831 2106 da

112 2138 274 2210 prestetur.
291 2133 452 2195 Multorum
462 2134 567 2191 notitia
580 2140 668 2209 patet,
684 2138 754 2209 qnia
768 2155 862 2212 nuper
876 2158 944 2214 por·
997 2153 1074 2211 equo
1090 2136 1192 2210 lapsus
1216 2137 1289 2195 elisa
1312 2139 1432 2209 cervice,
1449 2137 1587 2211 spiritum
1612 2136 1725 2199 efflavit
1738 2134 1826 2208 vitm

112 2223 274 2282 tiunculam
291 2224 409 2281 tuamin
426 2238 502 2300 pago
517 2226 694 2296 Bononensi,
705 2226 736 2282 in
750 2226 813 2286 loco
829 2247 943 2287 nuncu·
996 2242 1158 2300 omnesque
1173 2232 1224 2300 qui
1238 2244 1306 2284 cnm
1322 2226 1372 2284 illo
1388 2230 1537 2293 venerant,
1560 2225 1638 2283 infra
1651 2240 1764 2283 annum
1776 2239 1830 2283 va·

112 2318 199 2388 parite
213 2312 353 2387 Mighem,
370 2313 483 2370 scilicet
495 2313 620 2371 bunaria
635 2331 679 2384 ιιι,
702 2317 738 2373 ad
751 2318 878 2390 pretium
894 2336 942 2376 va·
996 2315 1049 2372 riis
1063 2314 1198 2373 cladibus
1211 2315 1392 2389 expirarunt,
1403 2318 1432 2372 et
1441 2315 1491 2385 ila,
1505 2330 1573 2372 cum
1584 2313 1641 2371 sibi
1651 2312 1827 2386 conjunctis,

111 2404 176 2460 laus
190 2403 282 2459 libras
293 2417 331 2472 vv,
348 2402 434 2459 nobis
446 2402 491 2459 vel
513 2403 551 2460 ad
576 2403 779 2479 praescriptum
795 2412 943 2467 monaste·

111 2493 189 2549 rium
216 2490 369 2564 delegasti,
396 2495 563 2565 expetentes
585 2496 619 2550 ut
639 2496 678 2563 te,
702 2510 771 2550 cum
793 2512 882 2553 uxore
907 2514 941 2555 ac

110 2580 211 2639 liberis
223 2596 286 2641 ‚una
300 2597 367 2636 cum
383 2579 522 2637 beneficio
538 2585 589 2636 tun
605 2581 636 2638 in
652 2581 815 2653 Gafitmere‚
831 2585 861 2642 id
870 2590 941 2644 sunt

111 2670 236 2728 bunaria
265 2687 321 2725 xxx
350 2685 383 2725 ac
405 2669 553 2741 mancipia
583 2688 633 2738 ιιι,
664 2671 713 2730 bis
736 2674 906 2732 nominibus
931 2694 938 2733 ε

110 2757 327 2824 Ostarbaldum,
344 2757 560 2828 Gernhardum,
575 2759 776 2831 Ileribaldum,
788 2754 938 2838 fladburg,

109 2849 253 2922 Sigberta‚
267 2847 418 2914 'thiobert
434 2845 617 2921 strilleburg,
642 2847 769 2917 Wifhan,
792 2851 938 2921 bolithan,

996 2403 1113 2478 culpam
1130 2403 1185 2461 luit
1200 2404 1397 2479 improbitatis
1413 2404 1451 2461 ob
1464 2407 1589 2461 reatum.

1031 2493 1107 2550 xlll.
1123 2495 1161 2550 fle
1174 2493 1284 2550 decessu
1294 2493 1416 2567 ejusdem
1430 2492 1503 2550 beati
1512 2493 1663 2567 pontificia.

1029 2582 1122 2656 lgitur
1135 2581 1307 2639 adveniente
1320 2580 1483 2638 vocationis
1499 2597 1559 2638 suas
1573 2584 1714 2655 tempore,
1729 2579 1826 2638 isdem

994 2671 1098 2728 beatus
1111 2670 1251 2744 pontifex,
1268 2670 1403 2744 quamvis
1413 2669 1543 2745 longave
1553 2668 1825 2744 gravaretursenio,

993 2759 1133 2833 episcopii
1157 2761 1203 2816 sui
1227 2759 1396 2832 parrochias
1419 2759 1544 2817 circuire
1559 2759 1694 2816 decrevit.
1710 2758 1825 2816 Bonam

997 2848 1073 2907 hanc
1087 2849 1230 2904 virtutum
1245 2865 1367 2904 suarum
1387 2846 1672 2906 consummationem
1691 2845 1815 2904 credens

110 2938 312 3010 Liotburgam,
326 2935 539 3004 winetbertan,
564 2936 754 3005 adalbertan,
779 2939 815 2995 ad
839 2945 938 3001 cumo·
995 2942 1029 2994 ut
1044 2936 1178 2994 Ecclesia
1206 2936 1292 3006 illios,
1309 2936 1334 2994 si
1350 2936 1457 2994 alicubi
1485 2936 1696 2993 amatrissuas
1714 2933 1827 3010 gremio

109 3028 190 3085 diurn
205 3025 300 3083 sancti
314 3024 390 3081 Petri
410 3028 438 3081 at
450 3024 544 3081 sancti
570 3026 689 3095 Bertini,
714 3028 939 3104 specialiterque
993 3028 1141 3083 errassent
1155 3024 1480 3095 deviando,sacundum
1493 3042 1639 3083 canonum
1653 3027 1751 3082 emtus
1764 3023 1827 3098 ple·

110 3119 146 3175 nd
162 3117 263 3184 altare,
279 3130 377 3171 coram
393 3130 452 3186 quo
466 3130 572 3186 corpus
597 3115 738 3189 genitoris
753 3109 977 3179 munitlun-(1
995 3118 1101 3185 etanta,
1116 3115 1153 3171 ad
1165 3115 1299 3171 eamdem
1320 3115 1480 3184 reduceret,
1492 3113 1555 3173 suis
1569 3112 1826 3188 predicationibus

109 3207 170 3265 roci
184 3204 351 3278 requiescit,
368 3204 423 3260 sub
446 3220 534 3260 seusu
546 3202 702 3260 luminario
715 3209 869 3265 annuatim
885 3225 938 3267 no·
992 3204 1183 3263 exhortando.
1200 3203 1264 3260 'l'ali
1285 3207 1384 3261 autem
1409 3204 1507 3261 studio
1530 3202 1642 3276 talique
1659 3202 1823 3276 devotione,

110 3301 202 3353 stram
215 3295 339 3367 ejusque
354 3291 568 3364 eleemosynam
580 3293 737 3362 reddendo,
754 3297 939 3354 confirmare
991 3294 1028 3350 ad
1044 3291 1197 3351 ecclesiam
1213 3291 1243 3347 in
1260 3290 1736 3365 Mempiscositam,Hiccleebecke
1746 3307 1825 3348 nun·

110 3401 187 3442 mus.
202 3382 291 3441 Juxta
312 3381 410 3453 itaque
423 3381 592 3454 petitionem
615 3385 708 3450 tuam,
734 3399 780 3439 res
797 3388 938 3458 utrasque
992 3387 1140 3455 aupatam,
1155 3381 1204 3455 pia
1214 3381 1339 3438 accessit
1352 3379 1531 3438 curiositate.
1560 3378 1634 3436 lnibi
1649 3382 1749 3436 autam
1763 3394 1824 3437 nou

109 3473 307 3538 concedimus,
323 3475 385 3527 tam
399 3470 453 3526 tibi
468 3486 558 3543 quam
575 3470 657 3527 uxori
667 3474 723 3527 tuae
739 3476 768 3528 et
779 3470 848 3530 filiis
865 3474 935 3543 tuis,
991 3471 1042 3528 diu
1057 3486 1253 3538 commorans,
1270 3485 1338 3526 cum
1348 3470 1413 3542 jam
1428 3468 1569 3542 cogitaret
1582 3467 1697 3535 reverti,
1707 3466 1823 3524 viribus
1858 3470 1863 3475 ’

109 3563 165 3621 sub
180 3563 234 3619 hoc
250 3577 339 3619 seusu
354 3558 557 3633 possidendas,
571 3563 604 3615 ut
618 3559 648 3615 in
674 3560 828 3618 festivitate
843 3564 937 3621 sancti
991 3559 1121 3633 corporis
1135 3558 1222 3632 coepit
1236 3561 1354 3630 repente
1367 3556 1498 3625 destitui,
1509 3554 1741 3631 egritudineque
1755 3571 1821 3613 cor·

108 3651 228 3720 Bertini,
244 3649 335 3706 Nonis
354 3647 545 3722 Septembris,
575 3649 611 3705 de
639 3665 705 3705 cera
733 3649 848 3707 valente
867 3652 937 3709 soli·
991 3648 1084 3722 parali
1100 3647 1226 3722 fatigari.
1242 3648 1325 3704 Tunc
1337 3646 1502 3703 convocatis
1514 3643 1677 3718 discipulis,
1693 3660 1744 3702 eos
1759 3660 1824 3703 om·

107 3740 163 3797 dos
175 3757 195 3796 v
208 3744 235 3795 et
251 3737 408 3794 dimidium
420 3737 603 3810 persolvatis,
620 3742 681 3794 tam
694 3755 746 3811 pro
761 3739 849 3797 rebus
864 3758 937 3814 prae-
990 3737 1134 3810 uipotenti
1143 3735 1490 3804 Dominccommendans,
1503 3734 1633 3791 animam
1647 3731 1822 3791 coeforeddi·

107 3828 225 3903 scriptis
241 3843 392 3900 quampro
407 3826 553 3899 capitibus
565 3827 682 3894 vestris,
694 3827 723 3883 id
734 3831 789 3896 est,
804 3847 822 3884 u
832 3829 937 3887 diebus
991 3827 1034 3882 dit
1048 3831 1216 3884 sanctorum
1232 3824 1355 3881 coetibus
1370 3824 1607 3881 consociandam.
1630 3821 1760 3879 Transiit
1773 3838 1827 3885 au.

107 3915 385 3982 mundbordalibus,
401 3913 577 3988 nullumque
592 3914 671 3972 aliud
685 3915 839 3974 servitium
853 3919 937 3975 vobis
990 3919 1050 3972 mm
1068 3915 1097 3971 in
1113 3913 1314 3988 suprascripta
1323 3912 1401 3983 villa,
1413 3930 1490 3971 anno
1503 3911 1713 3969 incarnationis
1725 3911 1822 3969 Domi-

108 4010 287 4081 imponatur.
304 4005 386 4071 Quod
402 4003 427 4060 si
443 4003 583 4076 quislibet
598 4005 707 4074 fecerit,
724 4006 768 4062 vel
787 4007 937 4080 apraefato
993 4005 1065 4060 nice
1093 4006 1157 4076 855,
1181 4003 1341 4060 indictione
1360 4019 1403 4073 ιιι,
1429 4001 1502 4060 feria
1529 4017 1574 4074 ιιι,
1604 4002 1829 4077 vesperascente

109 4101 211 4155 sancto
226 4095 288 4152 loco
305 4092 474 4150 abstrahere
486 4094 650 4161 tentaverit,
661 4095 735 4150 iram
746 4095 797 4151 Dei
808 4096 939 4171 omnipo-
992 4094 1043 4168 qui
1059 4097 1122 4150 erat
1138 4109 1234 4150 annus
1244 4091 1356 4166 prefati
1371 4092 1450 4167 regis
1464 4091 1560 4150 Caroli
1581 4106 1619 4149 xv
1634 4091 1702 4165 (83),
1718 4093 1748 4148 et
1762 4088 1828 4164 epf-

109 4185 199 4242 tentis
212 4188 241 4241 et
255 4181 348 4241 sancti
363 4181 439 4238 Petri
457 4181 610 4256 sanctique
629 4183 738 4239 Bertini
753 4184 893 4243 incurrat.
908 4185 938 4241 Si
992 4186 1131 4256 scopatus
1152 4182 1246 4256 ipsius
1273 4182 1350 4239 beati
1376 4181 1511 4255 presulis
1532 4199 1569 4238 xa
1591 4181 1660 4253 (82),
1677 4195 1746 4237 xvrrr
1759 4177 1826 4235 Kal.

110 4290 253 4332 conamen
269 4272 394 4345 impium
410 4287 468 4329 nou
482 4270 624 4328 omiserit.
640 4273 676 4328 Et
693 4271 755 4329 hec
776 4275 939 4347 praestaria,
993 4271 1135 4331 ianuarii.
1161 4271 1323 4344 Rogaverat
1352 4273 1450 4326 autem
1479 4269 1574 4327 isdem
1601 4267 1749 4342 pontifex,
1777 4269 1826 4334 ut,

111 4380 202 4420 manu
217 4365 318 4419 nostra
328 4361 511 4434 fratrumque
521 4361 758 4434 roborataqfirma
770 4368 949 4435 permaneat
993 4360 1086 4418 sicubi
1096 4360 1190 4417 exitus
1215 4360 1280 4432 ejus
1299 4359 1461 4427 accederet,
1472 4355 1665 4431 corpusillius
1679 4356 1716 4413 ad
1727 4354 1826 4413 sithiu

110 4468 178 4508 cum
193 4449 383 4524 stipulatione
397 4449 532 4507 subnixa.
954 4477 979 4543 D
994 4448 1218 4532 monasterium,
1235 4447 1265 4503 in
1279 4445 1403 4505 basilica
1418 4446 1511 4503 sancti
1526 4444 1646 4512 Bertini,
1658 4447 1826 4519 portaretur

148 4562 162 4591 a
184 4542 289 4596 Actum
312 4537 407 4595 sithiu
432 4538 620 4608 monasterio,
648 4538 678 4594 in
703 4540 826 4597 basilica
845 4541 945 4598 sancti
994 4537 1218 4596 tumulandum.
1234 4536 1376 4593 Defuncto
1385 4540 1483 4594 autem
1494 4534 1555 4604 illc,
1568 4550 1637 4591 cum
1647 4531 1746 4591 elerici
1759 4532 1825 4605 ejus

109 4628 230 4697 Bertini,
242 4627 334 4684 Nonis
350 4626 498 4699 Septemb.
518 4626 549 4682 in
565 4627 719 4685 festivitate
742 4629 846 4704 ipsius,
863 4646 939 4687 anno
994 4623 1424 4702 quaererentqualiterillumad
1437 4621 1747 4697 supradictumlooum
1759 4637 1826 4695 por·

107 4735 156 4776 xrv
172 4720 313 4790 regnante
337 4716 445 4772 domno
469 4714 581 4783 Carula,
606 4715 665 4774 filio
690 4718 827 4775 Ludovici
847 4719 940 4793 impe·
994 4723 1056 4775 tare
1071 4715 1246 4789 potuissent,
1263 4714 1293 4771 in
1307 4714 1476 4788 ipsanocte,
1489 4714 1577 4770 flante
1591 4714 1678 4769 vento
1693 4708 1826 4782 australi,

111 4806 229 4865 satoris.
994 4806 1091 4864 omnis
1106 4803 1159 4861 illa
1174 4820 1316 4878 aquarum
1343 4801 1549 4859 indimetibilis
1565 4801 1750 4876 profunditas
1769 4814 1829 4873 qus

148 4919 163 4948 a
179 4895 238 4970 llgo
250 4894 425 4961 Adalardus,
441 4893 544 4964 abbas,
557 4895 676 4970 propria
690 4912 780 4953 manu
793 4896 917 4954 firmavi.
995 4895 1124 4968 cingitur
1137 4892 1233 4950 Sithiu
1248 4891 1356 4961 insula,
1373 4891 1414 4948 ita
1429 4890 1603 4965 congelavit,
1620 4895 1662 4961 ut,
1678 4905 1765 4947 mana
1778 4903 1828 4946 ex·

148 5007 163 5037 a
178 4985 239 5058 ligo
263 4984 453 5052 Guntbertue,
485 4988 628 5059 peccator,
658 4986 841 5058 praepositus,
871 4986 941 5043 sub·
995 4984 1114 5058 sequias
1137 4980 1232 5040 sancti
1251 4981 1380 5054 corporis
1396 4979 1604 5051 deferentibus,
1621 4977 1829 5045 firmissimum

112 5073 229 5148 scripsi.
996 5065 1829 5145 aquagrassumperglaciempreberetaunctibnmquod,

1031 5242 1090 5326 (Sil
1103 5241 1203 5325 Mense
1217 5239 1369 5298 Decembri
1380 5239 1507 5312 855‚jsm
1519 5239 1656 5298 sumebat
1669 5254 1766 5297 annus
1779 5250 1827 5294 xvv
1908 5229 1912 5239 ’

996 5312 1091 5460 eil&
1105 5312 1227 5442 &tamid
1253 5385 1285 5439 nt
1297 5381 1412 5440 videtur
1424 5399 1520 5441 xxxix.
1545 5382 1667 5441 Gonsm
1680 5376 1827 5453 siquidem

998 5472 1034 5514 ex
1048 5454 1249 5529 superioribus
1262 5457 1294 5523 (r,
1308 5454 1354 5524 55,
1368 5457 1396 5512 at
1410 5471 1443 5525 u,
1458 5455 1490 5525 l)
1504 5453 1589 5513 illum
1608 5454 1639 5513 in
1654 5451 1755 5514 sedem
1768 5446 1829 5511 Mo·

998 5522 1625 5610 duonemevbtimttumfbteaeanaotll.
1834 5550 1838 5558 ·

151 5234 943 5310 (til)Chartaipsa,quasiuleriusreferetur,dataestNo·

113 5311 160 5366 nia
187 5307 361 5381 Septembris,
385 5324 458 5364 anno
481 5326 530 5366 xrv
557 5313 690 5379 regnante
716 5308 942 5379 commassata,

113 5380 135 5439 i.
152 5381 295 5451 aesopi.
311 5380 374 5435 855.
390 5379 463 5435 Huic
478 5380 563 5437 unice
585 5380 773 5438 instrumenti
794 5384 867 5436 uota
889 5397 943 5438 ca·

114 5456 183 5524 teas
199 5467 274 5537 quas
288 5449 337 5512 hic
352 5450 513 5537 Folquinaa
528 5453 654 5530 conjecit
666 5451 743 5554 male
757 5454 905 5530 aptantur.
