3876 6084
110 225 177 303 ,oea
855 225 1088 297 aamercort.
1751 234 1824 331 ¹qno

117 358 214 431 gravis
230 363 257 415 et
270 358 409 428 difficilis,
421 363 450 417 et
460 356 624 418 innumeris
633 359 772 433 periculis
785 361 943 416 incolume·
957 369 984 433 Α
999 378 1073 434 aegre
1089 367 1290 421 sustentamus
1307 362 1398 419 ritum
1408 361 1438 418 in
1449 361 1504 418 hac
1516 362 1750 449 tlebiliduraque
1759 358 1824 458 eqp'

117 446 222 519 disque
239 449 512 523 inexcogitabilibus
528 449 668 523 exposita,
685 450 776 506 donec
802 449 838 505 ad
862 449 945 506 littus
1001 449 1120 518 tivitatc,
1144 452 1262 519 nedum,
1281 456 1312 507 ut
1325 449 1410 507 liceat
1433 450 1519 508 nobis
1544 446 1663 529 aliunde
1684 456 1823 528 magnam

116 536 307 608 optatissime
324 539 424 610 patriae
436 539 584 611 pervenire
595 539 738 595 Dominus
750 538 834 595 uobis
846 556 946 595 conce·
999 537 1142 595 librorum
1162 539 1320 613 importare
1335 539 1556 614 supellectilem.
1573 541 1764 617 Quapropter,
1779 536 1822 598 itti

116 624 175 679 dat.
189 624 269 689 Quod
287 631 384 683 autem
401 628 551 683 desideras
566 626 640 684 scire
651 628 686 683 de
697 644 753 696 me,
766 627 808 682 sic
825 625 942 684 habeto:
999 626 1183 693 charissime,
1213 629 1331 684 obsecro
1348 632 1384 696 te,
1411 632 1440 684 et
1462 645 1513 702 per
1541 631 1822 703 nostramqvetercm

117 729 171 769 nos
186 714 295 769 versari
310 715 340 770 iu
365 715 422 772 isto
436 717 544 790 oppido
559 716 731 773 Granatensi
758 715 943 773 Illiberitanae
999 715 1159 772 anricitiam
1182 717 1315 790 impense
1339 716 1528 785 obtestandi
1550 716 1640 775 vitam
1664 717 1694 775 S.
1714 716 1822 791 ..iacobi

117 806 223 861 nostra
231 802 340 861 civitati
348 804 943 877 proximot215)‚interfidelcsMuzarabes,
998 803 1128 876 Hispani,
1143 805 1173 861 in
1185 804 1290 862 Piceno
1302 809 1401 862 sancte
1412 804 1523 862 mortui
1534 803 1820 880 premortovcmbris,

117 888 249 962 quicum
265 890 408 964 improbis
423 892 576 951 Saracenis
592 897 752 965 (utcunque
770 892 942 966 possumus)
997 896 1025 946 et
1040 892 1232 949 Metasthenis
1247 894 1339 950 Persa
1354 893 1463 950 librum
1471 892 1511 950 De
1521 893 1710 969 Monarchiis,
1726 890 1820 952 uhi'in

117 977 328 1048 conflictantes,
355 980 484 1052 quotidie
507 981 668 1048 morimur;
692 985 742 1038 sed
758 982 869 1055 gratias
883 983 941 1040 Deo
997 978 1150 1036 Persarum
1168 982 1250 1055 ponit
1265 981 1396 1049 Darium,
1412 981 1529 1055 Cyrum,
1545 978 1717 1059 Camb'psem
1732 984 1820 1057 etde

116 1067 204 1136 Patri,
222 1073 251 1124 et
273 1068 397 1126 Domino
412 1073 512 1126 nostro
527 1070 598 1127 Jesu
624 1070 749 1138 Christo,
777 1072 841 1143 ejus
856 1071 940 1140 Filio,
997 1072 1152 1139 taxerxem,
1168 1073 1234 1143 post
1257 1069 1380 1127 alterum
1397 1069 1516 1127 Darium
1540 1066 1766 1149 Lougimanum,
1785 1066 1820 1131 'et

116 1154 165 1228 qui
182 1157 232 1212 dat
248 1157 321 1215 ferre
336 1175 431 1232 posse,
445 1163 474 1216 et
488 1160 564 1218 inter
584 1163 628 1216 tot
651 1160 772 1217 adversa
787 1161 875 1217 tidem
890 1177 941 1218 ea·
995 1157 1089 1214 sicubi
1114 1159 1145 1215 in
1172 1158 1334 1215 Germania
1362 1157 1547 1216 bibliothecis
1575 1156 1696 1221 delitent
1721 1154 1818 1240 Dextri

113 1243 252 1301 thelicam
268 1244 855 1322 viriliterconfiteriouotidiecrebrcpro
866 1250 941 1307 meis
994 1245 1142 1319 Marcique
1156 1247 1274 1304 Maximi
1290 1249 1400 1321 scripta
1413 1248 1444 1305 iu
1465 1245 1647 1305 membranis
1668 1242 1816 1331 storquice,

115 1334 253 1390 omnibus
264 1335 433 1406 ovibusoro;
441 1336 713 1393 dicbusDominicis
724 1336 760 1393 ad
767 1337 940 1411 patientiam
995 1350 1057 1406 que
1074 1352 1221 1410 nusquam
1232 1337 1261 1391 in
1272 1336 1421 1411 Hispaniis
1431 1336 1557 1411 reperire
1569 1334 1662 1410 potui,
1673 1328 1818 1415 exscripta

115 1424 595 1496 constantiamquecosexhortum
612 1423 770 1498 aliquando
793 1424 939 1501 legiiucio
994 1425 1030 1481 ad
1046 1439 1093 1480 mc
1108 1423 1327 1507 quamprimum
1357 1423 1467 1494 mittas,
1484 1426 1563 1482 etde
1592 1428 1643 1484 tuo
1660 1414 1817 1491 'adamar

113 1511 269 1583 epistolam
284 1512 313 1568 S.
332 1514 479 1586 pontificis
494 1513 615 1570 Adriani
630 1531 721 1588 papa,
731 1531 819 1588 quam
835 1516 870 1572 de
883 1516 939 1572 hoc
994 1529 1071 1569 anuo
1085 1513 1203 1585 arachi
1220 1512 1312 1570 linivit
1337 1513 1491 1584 Maximus,
1517 1515 1662 1589 usquead
1676 1512 1729 1593 tua
1742 1518 1817 1573 tem·

113 1604 286 1671 argumento
313 1600 349 1657 ad
389 1601 539 1674 Egilonem
566 1601 810 1674 predecessorem
839 1619 938 1660 meum
993 1601 1143 1674 pora,boc
1158 1606 1213 1669 est,
1228 1601 1264 1658 ad
1281 1619 1391 1659 anuum
1405 1602 1468 1659 960.
1491 1601 1618 1661 Multum
1641 1603 1818 1677 forhsmstc

113 1691 220 1743 sauctae
236 1689 383 1744 memoria
394 1690 561 1762 pontificem
570 1689 661 1756 misit,
673 1689 976 1802 qurein'labularioB
992 1705 1090 1758 onero,
1109 1690 1159 1745 sed
1185 1689 1238 1745 tibi
1265 1691 1401 1765 perfacile
1431 1691 1487 1748 erit
1507 1691 1561 1749 hoc
1577 1693 1718 1765 officium,
1743 1690 1816 1761 mihi

113 1780 219 1832 nostra
236 1775 368 1833 Ecclesia
383 1783 546 1834 reverenter
559 1781 701 1847 servatur,
717 1778 794 1835 sicut
812 1776 938 1836 aliorum
992 1781 1070 1835 certe
1080 1779 1258 1849 jucundum,
1268 1796 1304 1835 ue
1314 1779 1409 1836 dicam
1419 1781 1514 1849 ,amori
1530 1779 1560 1837 in
1573 1784 1601 1838 te
1611 1798 1676 1849 meo
1686 1774 1817 1856 penede-

112 1864 311 1920 Romanorum
336 1865 517 1938 pontificum,
543 1869 571 1921 et
594 1865 752 1940 diptychon
777 1883 892 1923 sacrum
910 1872 938 1923 et
991 1865 1098 1921 bitum.
1113 1865 1196 1935 Vale,
1213 1865 1253 1922 lili
1273 1867 1457 1937 charissime,
1481 1866 1576 1943 et'pro
1591 1868 1646 1928 hoc
1661 1864 1730 1959 qaue
1744 1887 1815 1949 pro·

110 1953 314 2025 episcoporum
332 1951 421 2026 hujus
432 1951 658 2026 Ecclesiae3qua
675 1953 822 2012 Ceruium
833 1955 937 2012 habuit
991 1952 1080 2010 lixius
1094 1954 1186 2011 Deum
1202 1971 1263 2011 ora.
1682 1954 1685 1961 '
1756 1952 1759 1957 ’

111 2039 239 2112 primum
256 2044 413 2111 pastorem,
430 2039 459 2096 S.
476 2039 589 2107 Jacobi,
605 2058 672 2096 cum
693 2042 815 2098 venitin
832 2041 936 2117 llispu·
1205 2045 1600 2121 Responsiotiutprondifflb)

110 2127 190 2184 niam
211 2126 411 2201 ierosolymis,
428 2128 613 2189 individuum
629 2128 784 2199 comitcm;
795 2129 937 2205 jugisque
1026 2131 1192 2189 Admodum
1209 2134 1374 2202 reverendo,
1402 2137 1431 2190 et
1445 2134 1534 2193 totius
1549 2135 1714 2207 sanctitatis
1727 2134 1814 2211 pleno

110 2217 252 2273 memoria
262 2221 432 2273 sanctorum
448 2222 622 2290 martyrum,
639 2217 689 2290 qui
705 2217 735 2274 in
753 2219 936 2299 persecutio·
990 2221 1204 2278 Tmcreuusoo
1219 2223 1280 2295 lut,
1292 2221 1478 2296 Rroruurroo]
1490 2223 1625 2301 episcopo
1636 2217 1814 2285 illiberitano

110 2306 197 2361 nibus
213 2305 346 2361 Ecclesia
360 2322 412 2379 pro
428 2305 485 2362 fide
500 2304 644 2363 catholica
663 2311 832 2364 constanter
856 2307 936 2382 passi
991 2309 1021 2365 in
1035 2308 1186 2382 Hispania,
1194 2310 1402 2378 Lunensibus,
1415 2327 1473 2368 nou
1484 2312 1557 2369 meis
1567 2302 1814 2371 menusucclisia
1845 2325 1850 2336 ·

110 2399 199 2463 sunt;
217 2411 269 2450 nec
284 2395 400 2462 desunt,
417 2411 492 2468 quos
511 2396 647 2451 Saraceni
675 2399 827 2463 mactatos,
850 2400 878 2452 et
905 2395 935 2453 in
990 2396 1152 2453 'ticinensis
1167 2397 1278 2466 levites,
1293 2397 1428 2469 salutem,
1443 2402 1472 2456 ct
1497 2398 1696 2459 omnimodam
1712 2400 1815 2460 obser·

110 2482 254 2540 occisione
270 2482 359 2557 gladii
375 2488 494 2540 necatos
510 2484 546 2539 ad
573 2483 660 2543 coelos
684 2485 890 2542 transmittunt
905 2484 936 2542 iu
990 2485 1147 2542 rationem.
1351 2541 1353 2545 ,

110 2572 183 2629 dies.
200 2575 256 2628 Ora
272 2588 324 2646 pro
340 2588 398 2640 me,
416 2570 456 2627 fili
473 2572 657 2630 charissime.
675 2573 830 2630 Gratanter
839 2574 935 2649 accepi
1025 2576 1147 2630 Gratum
1172 2573 1244 2629 mihi
1269 2575 1333 2644 fuit,
1361 2575 1529 2633 beatissime
1551 2594 1628 2651 papa
1642 2594 1676 2635 ae
1696 2576 1815 2641 domine

109 2660 219 2717 librum
235 2663 320 2717 tuum
336 2661 365 2716 id
380 2665 434 2726 est,
449 2670 694 2733 rerumgestarum
710 2665 739 2719 iu
754 2665 861 2736 Europa
873 2665 937 2720 llis·
991 2660 1120 2718 multum
1143 2662 1332 2735 obseruando,
1352 2663 1429 2737 quod
1454 2665 1632 2737 Antapodosis
1656 2652 1767 2734 nostra,
1783 2650 1813 2723 in

110 2752 220 2816 tortum,
251 2755 278 2805 et
306 2753 445 2821 preterea
478 2750 659 2822 Antapodosin
697 2754 780 2807 tuam
808 2752 937 2808 carmine
991 2750 1287 2823 quauunccarmine
1312 2767 1390 2806 nuuc
1418 2744 1600 2823 prosaludo,
1627 2754 1747 2810 tandem
1776 2753 1813 2810 ad

111 2855 257 2911 prosaque
279 2841 453 2905 contextam,
471 2842 503 2893 ut
517 2839 585 2894 fecit
598 2839 668 2899 olim
684 2840 803 2912 sapiens
818 2841 937 2898 Boetius
991 2855 1097 2895 manus
1112 2844 1179 2895 tuas
1197 2839 1374 2911 pervenerim
1392 2856 1444 2895 uec
1459 2840 1558 2897 minus
1573 2858 1637 2898 meo
1652 2843 1728 2899 sedit
1751 2843 1814 2899 ani·

109 2927 139 2982 in
157 2926 230 2982 libro
240 2927 280 2982 De
291 2926 488 2983 csnsolatioue
500 2926 712 2999 philosophica.
724 2929 816 2993 Quem
826 2928 936 2985 librum
991 2942 1038 2981 mo
1049 2924 1217 2997 (217)‚quod
1231 2942 1327 2982 meam
1343 2944 1435 2984 rerum
1448 2933 1588 3000 premium
1597 2933 1628 2986 in
1637 2932 1744 3002 Europa
1755 2932 1814 2987 llis-

108 3016 198 3071 Boetii
216 3015 345 3072 Severini
360 3016 501 3082 (memini)
516 3016 732 3088 diligenternos
747 3019 805 3073 duo
817 3035 935 3089 percur-
990 3017 1090 3072 terium
1105 3013 1272 3087 perlegeris.
1290 3017 1357 3080 Quor
1372 3016 1445 3072 mihi
1461 3019 1589 3089 quodam
1604 3018 1814 3091 modoplacerc

107 3106 203 3159 rimus
218 3101 322 3168 'loleti‚
334 3119 401 3159 eum
412 3119 464 3175 ego
476 3105 626 3176 presbyter
640 3121 745 3172 essem,
760 3109 850 3177 tuque
865 3107 935 3162 sub·
951 3095 975 3163 C
989 3103 1146 3176 incipiunt,
1171 3119 1238 3157 cum
1267 3104 1318 3159 tibi
1334 3104 1396 3159 viro
1412 3109 1489 3161 recto
1513 3107 1656 3181 doctoque
1684 3108 1812 3179 quodam

107 3193 250 3249 diaconus
277 3191 356 3248 illius
384 3197 490 3248 sancte
515 3191 650 3249 Ecclesiae
680 3192 845 3249 Toletana:
872 3210 935 3267 quae
991 3193 1076 3247 modo
1092 3190 1208 3263 probari
1223 3191 1317 3260 video,
1333 3209 1529 3266 sequererque
1545 3198 1627 3251 tuam
1643 3192 1814 3275 in'eaparte

108 3298 227 3355 semper
241 3298 309 3338 vcra
325 3280 380 3336 luit
395 3279 456 3337 filia
471 3280 666 3354 primogenita
680 3280 814 3337 Ecclesia
830 3286 936 3337 sancta
991 3281 1177 3346 sententiam,
1187 3278 1244 3334 nisi
1253 3280 1358 3337 scirem
1369 3297 1498 3338 amorem
1509 3283 1656 3341 interdum
1667 3283 1812 3352 cecutire,

109 3368 315 3429 Romanensis.
327 3375 427 3425 etcum
436 3368 937 3442 patriarchalibus,postltomanen-
992 3384 1170 3440 quanquam,
1187 3367 1264 3439 quod
1279 3368 1391 3425 datam
1406 3386 1481 3429 ceco
1492 3372 1606 3442 judicio
1619 3371 1752 3439 liberem,
1770 3371 1812 3426 la·

109 3473 185 3523 sem,
201 3457 305 3512 merito
319 3456 535 3528 comparanda:
553 3456 637 3527 cujus
661 3460 772 3527 pastor,
788 3456 878 3511 totius
893 3458 938 3512 cst
991 3455 1074 3510 ciunt
1088 3455 1240 3526 integritas
1254 3456 1318 3510 vite
1332 3461 1389 3511 tue
1403 3461 1432 3514 et
1446 3474 1530 3514 amor
1541 3457 1612 3526 veri,
1628 3452 1679 3533 qu'i
1698 3473 1814 3532 semper

111 3634 232 3701 misisti,
248 3636 380 3690 crebram
403 3633 522 3707 sapiunt
547 3633 708 3699 lucernam,
725 3637 754 3687 et
769 3636 854 3687 tuum
871 3630 939 3687 lelix
993 3635 1085 3687 tremo
1102 3647 1160 3686 non
1175 3630 1274 3686 miuus
1285 3632 1453 3702 jucundum
1466 3630 1538 3689 mihi
1552 3632 1618 3704 suit,
1633 3635 1711 3708 quod
1728 3633 1814 3693 mede

112 3721 244 3779 redolent
259 3722 421 3793 ingenium.
440 3720 520 3776 Heul
539 3720 611 3777 scito
629 3736 681 3777 nos
697 3720 825 3776 maxima
838 3736 938 3775 rerum
989 3720 1088 3792 jubes,
1103 3722 1134 3775 ut
1150 3719 1179 3775 in
1195 3718 1347 3776 Fuldcnsis
1362 3722 1533 3778 monasterii
1554 3722 1732 3781 bibliotheca
1752 3722 1815 3795 (ubi

113 3811 248 3869 omnium
261 3810 492 3866 necessariarum
504 3808 711 3866 commoditate
722 3808 857 3876 destitui3
870 3824 938 3863 uam
994 3824 1072 3864 nunc
1087 3807 1169 3864 exsul
1190 3807 1430 3867 bibliothecarius
1453 3811 1602 3887 immoror)
1618 3828 1748 3885 queram
1762 3811 1817 3871 tibi

614 3971 644 4026 P.
666 3968 834 4027 HlGUERAE
852 3969 900 4025 ET
918 3968 965 4026 DE
986 3968 1182 4025 LAURENTII
1201 3967 1319 4024 NOTAE.

116 4132 180 4198 cap,
194 4116 239 4182 15,
249 4114 298 4170 sol.
315 4114 364 4170 35:
385 4113 506 4169 «Todas
521 4120 599 4169 estas
615 4111 749 4184 palabras
760 4128 867 4236 parere
887 4127 943 4183 quc
997 4110 1080 4167 donec
1094 4112 1169 4193 Deus·
1191 4113 1248 4194 ipsc
1262 4112 1453 4193 uosrlimr'ttot.
1469 4113 1542 4170 Vide
1556 4113 1656 4170 divum
1681 4114 1820 4193 Augusti-

139 4203 219 4242 urcre
234 4186 365 4242 roneluir
379 4189 498 4249 Seneca,
515 4201 571 4257 que
593 4201 625 4240 es
646 4182 726 4239 licito
742 4200 758 4238 a
785 4181 871 4239 homo
886 4181 945 4238 luir
998 4199 1081 4247 num,
1093 4182 1132 4237 Dc
1141 4186 1260 4237 civitate
1275 4182 1337 4250 Der,
1353 4182 1403 4239 lib.
1420 4201 1440 4252 1,
1457 4201 1521 4256 cap.
1537 4184 1572 4240 ⁴9
1586 4190 1614 4240 et
1629 4200 1722 4256 seqq„
1734 4185 1820 4254 eujus

116 4203 153 4313 ge
167 4257 196 4312 la
219 4258 296 4313 sida.
322 4255 350 4311 lo
387 4256 434 4313 ual
450 4273 486 4311 no
502 4272 534 4311 es
549 4255 625 4324 ansi,
648 4259 730 4310 antes
746 4271 776 4310 es
792 4270 859 4309 cosa
875 4270 944 4325 muy
997 4253 1085 4308 verba
1100 4254 1266 4308 referuntur
1279 4252 1308 4306 in
1320 4270 1384 4325 cap.
1394 4254 1425 4309 Si
1438 4271 1495 4309 non
1511 4252 1589 4320 licet,
1605 4254 1651 4321 23,
1661 4255 1821 4324 questione

118 4327 332 4400 reprobada,no
346 4273 507 4382 chiemente
523 4344 614 4400 scgun
628 4324 657 4380 la
667 4326 774 4380 verdad
790 4324 942 4392 catholiea,
997 4324 1025 4378 5.
1042 4323 1083 4377 Ex
1098 4323 1205 4378 nostris
1211 4322 1433 4402 jurisconsultis
1445 4323 1538 4379 multa
1549 4321 1709 4379 cumulavit
1720 4321 1821 4405 DLBal-

119 4416 184 4454 mas
200 4415 258 4454 aun
274 4415 365 4471 segun
381 4397 425 4454 los
441 4397 575 4470 gentiles,
591 4393 790 4452 con'l'ulioen
806 4394 831 4450 el
847 4395 944 4450 Suelio
998 4392 1099 4448 thasar
1135 4392 1288 4448 Gomezrus
1328 4393 1363 4447 de
1391 4395 1544 4460 hmescua,
1583 4391 1751 4460 Toletauus,
1790 4409 1821 4449 ru

119 4471 156 4529 dc
170 4470 299 4541 Scipion,
325 4468 389 4527 dice
413 4485 470 4542 que
494 4484 531 4523 no
555 4468 628 4523 deba
653 4464 723 4521 salin
737 4464 762 4520 el
785 4465 883 4521 anima
898 4464 944 4520 dcl
1000 4462 1139 4536 peculiari
1182 4463 1319 4517 Tractatu
1362 4464 1400 4518 Dc
1441 4464 1573 4520 crustae
1609 4464 1640 4518 iu
1677 4464 1821 4535 reipsum:

120 4557 239 4614 eucrpo,
253 4541 278 4597 si
295 4557 352 4596 non
367 4557 421 4614 por
436 4538 580 4596 mandado
595 4539 631 4594 de
646 4535 730 4609 aqucl
746 4534 845 4616 quola
860 4552 944 4609 puso,
1000 4536 1118 4590 Grotius
1133 4536 1169 4589 lle
1183 4535 1247 4591 darc
1262 4533 1337 4604 reue,
1354 4532 1405 4589 tio.
1417 4548 1448 4601 ιι,
1459 4550 1523 4606 cap.
1539 4535 1582 4602 19,
1595 4550 1624 4590 n.
1637 4534 1697 4591 δικ
1707 4532 1821 4591 alienis.

120 4628 178 4684 quc
195 4611 368 4668 esDiosEn
383 4615 446 4667 otra
459 4609 546 4692 gulsa
561 4609 708 4681 pareciera
722 4608 779 4663 lurr
794 4606 840 4662 del
863 4605 1033 4707 ollcioDD.
1050 4605 1082 4660 t.
1294 4677 1321 4687 Η
1365 4677 1370 4688 ·
1483 4677 1488 4688 ·
1691 4677 1696 4689 Ι
1749 4676 1755 4688 ι
1809 4676 1815 4688 .

120 4701 136 4740 e
152 4700 186 4738 ca
223 4699 310 4755 oque
322 4682 389 4738 Dios
400 4681 427 4738 le
437 4681 496 4737 dro.
512 4680 552 4736 Ca
566 4681 629 4735 ansi
645 4695 728 4734 como
745 4678 779 4733 de
794 4677 822 4733 la
846 4681 948 4751 gueste
1038 4677 1112 4747 (215)
1127 4676 1179 4730 llos
1193 4691 1297 4731 versure
1311 4693 1340 4730 ur
1359 4679 1409 4731 reto
1424 4675 1520 4748 oppido
1532 4674 1694 4747 Gronutcusr
1708 4674 1825 4738 lltrberr·

122 4771 180 4810 non
218 4751 572 4827 ebepartirniugunosin
589 4747 946 4821 mandahodclPrincipe;
1002 4751 1077 4803 torae
1091 4750 1193 4804 nostrae
1219 4748 1325 4802 cirritoti
1343 4747 1479 4818 proximo.
1497 4745 1567 4804 Vldc
1582 4765 1645 4820 quar
1669 4745 1766 4805 notavi
1787 4745 1824 4807 ad

122 4824 188 4882 ansi
204 4825 287 4881 desta
310 4824 387 4892 vida,
404 4821 513 4896 laqual,
530 4838 622 4895 segun
639 4820 781 4885 diceano,
807 4837 838 4876 cs
865 4836 949 4877 como
1003 4818 1177 4875 Chronicon.
1194 4834 1276 4873 num.
1292 4819 1355 4872 202.
1371 4817 1405 4874 Ι).
1420 4818 1451 4872 L.
1631 4826 1635 4833 ’
1735 4888 1741 4899 ⁶

122 4912 184 4952 una
208 4893 365 4951 caballeria
392 4895 478 4950 sobre
492 4892 520 4949 la
540 4893 639 4958 tierra,
661 4909 718 4947 non
743 4890 815 4947 debe
843 4890 949 4964 alguno
1040 4889 1113 4960 (216(
1129 4887 1826 5015 Responsioluitprandilleminithrqjuseprstolee

144 4965 226 5034 artir,
254 4967 279 5023 si
303 4983 361 5023 nen
391 4965 507 5040 quando
535 4962 604 5019 Dios
629 4962 655 5017 lo
671 4961 768 5017 llama.
784 4983 797 5010 r
813 4962 950 5018 Pluribus
1005 4960 1223 5030 atejus,cuires
1245 4960 1328 5016 ondit
1361 4958 1829 5033 urtprandus,JulranusinChro-

122 4985 180 5094 Eoo
191 5037 389 5111 prosequitur,
398 5052 472 5109 quae,
484 5033 616 5091 brevitati
625 5032 824 5099 utconsulam,
836 5032 949 5088 omitto.
1007 5031 1083 5092 nico,
1094 5047 1175 5086 num.
1248 5047 1254 5084 :
1271 5053 1284 5080 «
1300 5029 1433 5086 Florebat
1446 5047 1497 5103 per
1512 5030 1541 5087 id
1557 5036 1673 5104 tempus
1688 5034 1718 5088 et
1736 5028 1829 5087 'l'oleti

123 5109 214 5166 Docet
229 5124 301 5192 erge·
311 5107 499 5164 retinendum
515 5106 647 5161 animum
663 5104 693 5159 in
709 5103 843 5159 custodia
854 5119 952 5177 corpo·
1007 5101 1156 5229 presbyier
1179 5102 1398 5157 Trasemuudus
1419 5102 1488 5184 (tege
1502 5101 1748 5174 Tractemundus)
1764 5096 1830 5175 post

124 5179 177 5245 ris,
191 5196 245 5236 nec
260 5196 378 5252 injussu
390 5180 494 5250 elusa
509 5193 566 5249 quo
581 5176 666 5231 nobis
681 5180 725 5231 est
740 5174 837 5239 datus,
854 5191 888 5230 cx
898 5175 953 5230 hac
1022 5172 1206 5228 iliberitanus
1219 5172 1383 5254 episeopus,
1401 5189 1444 5227 vir
1458 5177 1596 5230 sanctus:
1619 5173 1656 5229 ad
1671 5178 1757 5247 qu'em
1773 5170 1830 5253 Eu·

123 5251 184 5307 vita
195 5250 272 5307 demi
296 5251 431 5306 randum.
445 5250 510 5305 tdeo
524 5246 632 5303 ltebrai
649 5246 721 5302 mori
741 5247 882 5301 vocabant
895 5255 953 5310 atu,
1008 5244 1131 5300 trundus
1147 5241 1273 5314 scripsit,
1291 5243 1489 5300 subdiaconus
1504 5242 1830 5318 Toletauus,pest'l'icr·

125 5322 261 5379 etGraeci
300 5321 434 5370 πολύεσθαι
461 5320 559 5375 idest
591 5318 718 5373 dimitti:
748 5321 781 5371 ut
808 5317 955 5372 invenitur
1010 5315 1111 5371 nensis
1126 5315 1277 5376 diaconus.
1293 5315 1345 5368 eti
1368 5331 1400 5370 se
1415 5315 1502 5370 ctiam
1518 5316 1629 5370 scribit.
1643 5338 1657 5365 n
1673 5321 1704 5372 ί).
1722 5315 1754 5370 L.

125 5393 282 5451 Numeror.
309 5409 372 5465 cap.
390 5409 426 5446 xx
437 5363 470 5445 ’in
485 5391 552 5458 fine,
562 5363 568 5386 ’
579 5388 706 5469 Vulgare
730 5388 896 5444 Graecorum
912 5384 955 5440 lo·
1046 5385 1121 5466 (217.)
1132 5384 1205 5466 Sedit
1218 5332 1415 5441 orituroohvia
1425 5385 1639 5458 significatione
1650 5386 1829 5458 proploeere.

127 5463 236 5538 quendi
249 5458 955 5537 genussicexpressitThcmrstiuslibllehnima:
1011 5456 1152 5528 Virgilius
1167 5455 1218 5510 lrb.
1234 5470 1265 5523 u,
1290 5456 1402 5512 AEueid.
1419 5457 1452 5512 Et
1475 5457 1547 5514 sedet
1568 5458 1617 5515 boc
1639 5456 1752 5515 auimo:
1773 5469 1831 5511 uon

126 5543 293 5593 'nectente
335 5545 377 5590 τὸν
429 5541 624 5600 ἀποθνήσκοντι,
666 5541 707 5587 καὶ
749 5541 795 5599 τὴν
837 5537 958 5596 τελευτὴν
1011 5528 1109 5584 i5nota
1119 5527 1341 5599 jureconsultis.
1355 5529 1491 5584 Testatur
1502 5528 1642 5601 Ulpianus
1656 5525 1688 5583 iu
1697 5524 1717 5583 l.
1729 5524 1761 5608 δι’
1768 5514 1834 5608 fido·

128 5613 252 5664 ἀπόλυσιν
266 5613 394 5673 καλοῦσιν,
410 5604 439 5658 id
455 5609 510 5672 cst,
525 5620 588 5659 eum
603 5604 651 5674 qui
672 5603 800 5668 irroritur,
816 5609 896 5657 eruut
916 5599 959 5682 dr·
1009 5602 1112 5684 jussor3
1125 5613 1153 5665 π,
1169 5597 1220 5671 qui
1236 5599 1379 5659 satisdare
1393 5604 1550 5679 cogentum
1565 5600 1597 5659 δι’
1609 5600 1668 5670 loc,
1684 5596 1735 5672 ait,
1745 5593 1835 5671 indta

127 5678 207 5735 mitti
215 5694 227 5739 ,·
241 5679 267 5733 et
279 5684 404 5745 mutem,
418 5674 607 5731 dimissionem
618 5677 724 5730 cocunt.
740 5671 914 5730 Plutarchus
929 5686 961 5727 ιιι
1016 5669 1173 5734 sarath.
1190 5670 1220 5733 L.
1762 5696 1766 5701 ·

129 5746 336 5813 Consolatione
360 5763 367 5808 ι
407 5758 470 5813 Ἕως
492 5753 550 5805 aot
578 5753 635 5813 θεὸς
662 5751 734 5821 ᾳῡτὸς
761 5751 875 5825 &cahere
897 5751 962 5822 luae

294 5874 428 5942 Parma.
449 5871 611 5941 cxxxvi.
1638 5869 1686 5947 qq
