3876 6084
181 309 219 371 35
662 299 888 364 ttttfluttlds
910 297 1157 360 vaaoueusls
1181 298 1404 362 EPISCOPUS.
1849 302 1888 363 36

182 444 257 508 sent,
269 440 304 494 ad
318 441 385 493 vote
405 436 612 509 camerariis
628 432 783 491 liutherius
796 431 921 505 portibus
944 431 1004 486 llil·
1018 433 1044 497 Α
1061 448 1118 503 quo
1136 430 1289 486 liutherius
1303 449 1369 487 cum
1387 430 1524 487 Hilduino
1539 431 1568 485 in
1585 430 1698 486 ltaliam
1713 433 1802 501 verrit,
1817 437 1887 492 tunc

182 526 426 600 inimicaremini
436 524 658 597 inseparabiliter
667 523 834 588 cibarium
846 521 1005 578 Fulcuinus
1059 520 1201 576 dicendus
1216 521 1271 577 erit
1286 521 1442 577 Hilduinus
1458 521 1483 577 oi
1498 519 1590 577 luisse
1606 519 1755 593 pollicitus
1770 538 1802 579 se
1817 540 1886 581 cum

182 616 311 693 prodidit
326 616 406 689 (Gest.
423 615 457 670 ab
472 615 536 670 tob.
552 631 576 669 o.
594 613 648 685 19).
1060 612 1180 682 Hugoue
1195 627 1261 683 rege
1282 615 1415 666 actorum
1433 618 1464 666 ut
1477 610 1540 684 ipse
1555 625 1673 682 quoque
1696 612 1733 667 ad
1757 609 1886 685 aliquem

219 710 261 763 12.
275 705 394 763 Interim
414 703 549 761 Notherio
568 700 727 758 Veronensi
746 699 883 772 episcopo
902 698 1006 755 cuivis
1060 697 1259 772 episcopatum
1280 703 1509 771 promoveretur.
1526 697 1608 756 Certe
1630 698 1661 755 ia
1685 699 1886 772 contessione,

181 796 297 853 sublato
308 813 334 851 ιν
346 791 674 866 tanstugustienara,
687 790 769 863 Hugo
785 806 835 845 rex
846 787 1006 844 Veronensi
1060 787 1109 844 ubi
1127 786 1338 845 monisterium
1358 792 1386 843 et
1408 788 1604 845 monasticum
1624 789 1806 862 propositum
1823 807 1886 848 ase

182 885 244 942 sedi
258 883 415 957 proposuit
425 881 606 948 Hilduinum,
618 896 669 937 seu
684 880 780 951 potius
791 880 929 934 exabusu
941 878 1005 949 ejus
1059 877 1207 933 desertum
1225 876 1320 943 delict,
1336 894 1367 934 se
1384 879 1413 932 io
1435 886 1491 933 rete
1503 877 1544 950 (id
1560 881 1604 935 est
1620 877 1650 933 in
1674 878 1884 953 episcopatum)

182 973 275 1031 aetatis
287 972 342 1046 ipsi
355 968 498 1027 concessit
509 969 642 1025 eamdem
655 967 820 1036 ecclesiam,
828 969 1004 1040 joreetipea-
1061 967 1207 1022 immisisse
1224 967 1322 1038 pedem
1344 983 1435 1035 sarem,
1452 966 1649 1040 eumdemque
1672 969 1790 1025 ambisse
1813 969 1885 1027 satis

181 1063 281 1128 diario,
296 1065 326 1116 ut
340 1059 442 1115 exinde
461 1058 581 1114 haberet
599 1058 676 1113 unde
691 1057 807 1127 viveret,
819 1056 915 1130 quoad
931 1055 1005 1111 insi·
1060 1058 1159 1127 aperte
1178 1055 1343 1128 significare
1366 1055 1483 1112 videtur
1503 1055 1634 1113 scribens
1649 1073 1677 1112 n.
1694 1057 1729 1113 19
1744 1074 1751 1113 :
1769 1059 1886 1115 immisit

181 1151 266 1224 gnior
275 1149 359 1205 sedes
370 1148 641 1219 vacaretfflsrnep.
653 1148 680 1212 5,
689 1146 725 1201 od
734 1146 813 1203 toan.
821 1163 932 1218 popam,
941 1147 1003 1211 nb,
1059 1145 1190 1211 citeriore,
1207 1145 1333 1213 tramisit,
1347 1145 1374 1200 si
1388 1148 1413 1200 et
1425 1144 1550 1201 ambibit.

180 1243 209 1296 et
224 1239 341 1295 Limen.
358 1237 377 1292 l.
393 1253 436 1304 ιιι,
452 1253 477 1292 c.
495 1238 550 1305 ll).
566 1236 688 1292 Mortem
706 1234 836 1291 Notherii
856 1251 933 1290 arno
952 1235 1006 1290 928
1096 1234 1139 1288 li.
1156 1233 1320 1306 Antequam
1344 1233 1469 1290 ulterius
1492 1232 1727 1307 progrediamur,
1743 1234 1796 1292 boc
1820 1233 1887 1291 loco

180 1327 339 1395 allisimus,
350 1343 407 1382 non
418 1341 485 1382 vero
499 1325 650 1392 ennodii),
663 1328 696 1380 ut
711 1341 767 1379 nou
783 1322 894 1379 nemini
909 1323 1004 1379 visum
1060 1320 1169 1377 montio
1193 1322 1324 1378 iacienda
1348 1326 1394 1378 est
1408 1323 1564 1393 cujusdam
1588 1323 1694 1396 operis,
1707 1324 1885 1397 ceteroquin

180 1421 234 1473 cst.
247 1416 296 1472 ille
306 1415 384 1472 euim
399 1431 493 1470 annus
508 1412 658 1486 perspicue
669 1411 786 1468 elicitur
799 1429 834 1468 ex
849 1411 1004 1483 sepulcrali
1059 1409 1277 1482 deperditi,quo
1287 1410 1725 1485 Ratheriusantecpiscopatum
1735 1411 1888 1471 nonnullis

180 1507 245 1576 ejus
259 1504 418 1577 epitaphio,
434 1503 511 1576 quod
528 1503 623 1558 adhuc
639 1504 732 1558 exstat
746 1502 775 1556 in
791 1500 961 1579 cathedrali,
977 1504 1006 1556 et
1060 1498 1542 1571 questionibusblediolanensium
1552 1500 1886 1575 responditflujusopc-

180 1594 216 1650 ab
233 1591 364 1666 Ugbcllio
380 1593 492 1648 editum
506 1594 551 1646 est
564 1595 642 1646 tomo
653 1590 677 1643 V
690 1588 779 1645 ltalia
794 1606 883 1644 sacre
899 1590 928 1644 in
943 1588 1003 1660 epi·
1059 1586 1099 1642 ris
1115 1586 1255 1643 indicium
1283 1588 1414 1661 suppetit
1437 1605 1471 1645 cx
1493 1589 1578 1662 epist.
1594 1590 1622 1657 3,
1638 1589 1675 1645 od
1699 1589 1883 1659 lietbertum,

180 1682 277 1754 scopis
292 1680 519 1745 Veronensibus,
529 1677 710 1746 rol.7bl,ubi
726 1694 861 1750 expresse
876 1676 1001 1750 legitur:
1060 1693 1140 1730 num.
1155 1679 1165 1731 1
1184 1694 1213 1730 z«
1228 1677 1259 1732 ln
1274 1676 1347 1748 ipsis
1362 1675 1464 1745 initiis,
1475 1677 1581 1750 inquit,
1592 1678 1789 1750 quorumdam
1806 1696 1885 1753 quac·

180 1793 193 1821 n
204 1769 283 1827 Obiit
296 1787 323 1825 ιν
335 1768 404 1824 Idus
418 1769 551 1840 Augusti,
564 1785 640 1823 anno
652 1766 809 1822 Dominicis
825 1766 1003 1822 lncarnntio-
1019 1801 1043 1866 B
1059 1763 1214 1820 stiuneolis
1235 1764 1496 1822 Mediolanensium
1520 1765 1598 1821 baud
1623 1766 1724 1823 leviter
1738 1767 1884 1840 pulsatus,

180 1858 225 1916 nis
252 1859 314 1924 928,
331 1857 433 1913 indict.
450 1874 492 1911 ι.»
505 1856 588 1922 Quod
609 1856 634 1910 si
655 1854 778 1911 codicilli
800 1854 965 1910 Nothctiani
987 1871 1004 1909 a
1059 1853 1192 1925 quaedam
1204 1853 1428 1926 exirisqrrmros
1440 1855 1589 1927 requirere
1600 1872 1658 1910 non
1669 1856 1884 1929 ambigo,visus

179 1938 360 2004 marchiome
374 1945 511 2019 Dionysio
527 1945 658 2016 ejusdem
674 1943 849 1999 cathedralis
863 1945 1003 1999 canonico
1058 1958 1124 1996 sum
1142 1941 1309 2014 prelibasse
1336 1943 1489 2014 lxxxviii»
1508 1943 1582 1999 Dum
1597 1946 1626 2000 in
1647 1947 1713 2016 ipsis
1729 1947 1818 2002 initiis
1832 1946 1884 2018 ait,

180 2035 346 2109 nuperrimo
361 2034 430 2091 editi
447 2030 556 2090 habent
571 2034 617 2102 (lle
635 2032 738 2088 duobus
752 2034 833 2105 episc.
842 2049 907 2105 pag.
919 2034 980 2100 103)
995 2050 1001 2088 :
1058 2030 1137 2085 istud
1154 2034 1270 2102 tempus
1284 2032 1402 2098 indicet,
1417 2049 1482 2089 cum
1500 2033 1594 2106 primo
1611 2033 1780 2090 ltilduinum
1797 2052 1886 2093 secu·

179 2148 193 2176 a
204 2126 352 2196 Regnante
363 2122 577 2195 domnoUgouo
591 2139 656 2196 rege
668 2121 716 2178 hic
731 2121 760 2177 in
773 2122 855 2177 ltalia
867 2138 943 2176 anno
959 2139 1003 2178 sc·
1058 2124 1106 2175 tus
1131 2121 1159 2175 in
1187 2120 1298 2176 ballam
1312 2121 1400 2189 venit,
1415 2127 1444 2177 et
1459 2122 1588 2179 nondum
1613 2123 1767 2196 episcopus
1788 2124 1885 2181 tuerat

179 2211 650 2284 cundosubdiequintodecimo
668 2211 703 2266 de
722 2211 1002 2280 menseNovcmbri,
1058 2213 1256 2272 consecratus,
1277 2213 1310 2263 ut
1334 2226 1368 2264 ex
1397 2209 1587 2281 sequentibus
1611 2207 1746 2283 colligere
1774 2209 1883 2267 licebit.

179 2302 339 2358 indictione
355 2301 488 2374 primam
502 2318 537 2355 ne
547 2300 576 2354 bi
593 2299 729 2361 codicilli,
739 2301 767 2354 in
778 2300 886 2371 quibus
896 2299 1003 2355 Notbe-
1057 2297 1196 2361 Quanam
1212 2297 1318 2353 luerint
1331 2297 1475 2368 ejusmodi
1492 2296 1680 2370 questiones,
1691 2298 1770 2354 latet.
1782 2298 1884 2358 Solum

181 2391 242 2446 rius
258 2391 340 2445 vivus
355 2391 507 2462 prefertur
517 2404 608 2443 mense
619 2388 770 2454 blorernbri,
783 2388 932 2443 indictione
943 2390 1003 2460 pri-
1058 2387 1170 2442 scimus
1181 2387 1276 2442 cased
1290 2389 1412 2459 protana
1422 2386 1520 2442 studia
1529 2386 1715 2459 pertinuisse,
1728 2387 1759 2444 in
1774 2388 1883 2460 quibus

178 2497 233 2545 roo,
246 2495 314 2534 cum
331 2477 478 2549 epitaphio
500 2476 658 2531 credsmtur
671 2477 1002 2549 pugnero,animadver·
1058 2481 1200 2548 qnantum
1211 2474 1329 2542 ualeret,
1342 2465 1802 2548 port·1dgotumcrnt.(b1mcuim
1817 2482 1885 2550 post

177 2568 298 2624 tendum
309 2572 364 2635 cst,
375 2568 497 2638 primam
513 2565 701 2620 indictionem
717 2567 892 2621 seruandam
908 2585 971 2621 csso
987 2586 1004 2622 a
1058 2582 1091 2620 ca
1111 2565 1223 2620 similes
1248 2565 1332 2636 pinne
1345 2564 1520 2636 questiones
1544 2566 1639 2621 cidem
1658 2567 1721 2637 ,jam
1746 2565 1882 2639 episcopo

178 2671 278 2729 mense
293 2654 454 2727 Septembri
474 2653 542 2708 anni
562 2653 616 2708 927
635 2670 727 2726 usquo
747 2655 782 2709 ad
802 2655 1002 2725 Septembrem
1058 2654 1259 2727 proposuisset
1281 2654 1447 2720 lietbertus,
1459 2670 1494 2708 ca
1508 2653 1620 2709 ratione
1635 2669 1699 2710 sese
1722 2656 1881 2723 excusavit,

178 2742 324 2807 anni0283
338 2743 414 2797 unde
425 2740 534 2796 laudati
546 2741 670 2796 codicilli
682 2742 852 2815 assignandi
863 2748 933 2797 sunt
946 2760 1001 2799 non
1057 2745 1126 2817 quia
1141 2742 1208 2799 licet
1228 2746 1293 2798 anto
1319 2742 1519 2814 episcopatum
1534 2759 1593 2799 nou
1608 2747 1774 2801 recusasset
1797 2761 1882 2816 pares

178 2848 254 2888 anno
268 2831 526 2902 928,sc11927,quo
541 2846 611 2886 sanc
625 2846 724 2886 mense
738 2831 892 2886 Novembri
908 2832 1003 2903 prime
1057 2830 1320 2887 Mediolanensium
1334 2829 1510 2902 questiones
1530 2829 1697 2900 dissolvero,
1709 2848 1767 2889 uon
1781 2835 1882 2888 tamen

178 2920 298 2977 indictio
318 2908 500 2986 decurrebat,
521 2922 552 2975 ct
564 2917 671 2990 Ugonis
694 2919 769 2991 rogis
787 2936 883 2975 annus
897 2921 1002 2993 [xxxvi]
1057 2921 1178 2975 decebat
1192 2920 1220 2974 in
1236 2918 1272 2975 iis
1286 2918 1395 2974 versari
1410 2917 1589 2992 episcopum,
1600 2918 1649 2993 qui
1661 2930 1721 2975 uon
1736 2920 1765 2975 in
1781 2922 1883 2992 prola·

178 3009 339 3066 secundus:
348 3007 420 3063 alios
431 3024 528 3063 annus
538 3007 647 3080 Ugouis
659 3007 762 3062 tertius
774 3009 919 3065 notendus
931 3009 1001 3065 tuis·
1057 3009 1113 3069 nis.
1127 3009 1177 3066 scd
1194 3008 1224 3063 in
1239 3007 1345 3064 divinis
1357 3013 1386 3064 et
1400 3006 1492 3065 sacris
1514 3008 1620 3065 studiis
1633 3007 1718 3065 debet
1731 3011 1880 3081 occupari.

167 3082 230 3155 ¹set.
238 3096 371 3153 Concinit
387 3095 474 3151 etiam
486 3095 692 3151 documentum
709 3112 742 3151 ex
757 3096 873 3152 archivo
889 3099 1000 3155 monia·
1056 3098 1129 3154 Huic
1145 3097 1265 3155 forsitan
1285 3098 1364 3171 operi
1384 3096 1493 3153 inserta
1509 3097 1563 3153 luit
1579 3096 1630 3152 illa
1644 3096 1798 3169 enjusdam
1812 3097 1881 3170 phi-

177 3186 250 3243 lium
265 3187 295 3242 S.
312 3184 456 3242 Zacharia
471 3185 552 3240 urbis
567 3184 754 3241 Venetiarum
770 3185 910 3243 aloanne
926 3187 999 3260 Bap-
1015 3166 1036 3235 C
1056 3187 1170 3259 losophi
1187 3187 1440 3259 sententiamque
1463 3185 1597 3243 meminit
1619 3184 1693 3242 libro
1708 3191 1790 3243 sexto
1806 3186 1880 3242 Pre-

177 3277 248 3333 tisia
262 3273 429 3331 Biancolino
444 3273 593 3347 vulgatum
610 3273 666 3346 (Dc'
681 3277 784 3331 vescovi
797 3274 828 3329 di
844 3277 946 3332 t’crono
971 3295 999 3349 p.
1055 3276 1233 3349 loquiorum,
1250 3293 1331 3333 num.
1346 3280 1374 3342 7,
1391 3276 1528 3348 inquiens
1541 3293 1548 3331 ε
1561 3299 1574 3326 «
1592 3274 1730 3349 Exemplo
1745 3274 1881 3332 videlicet

177 3365 251 3437 120),
265 3379 324 3436 quo
346 3361 501 3419 Hilduinus
515 3361 645 3418 Notherii
661 3379 812 3420 successor
825 3364 1000 3421 Veronensis
1055 3366 1209 3439 cujusdam
1219 3364 1522 3438 philosophi‚quicum
1532 3364 1569 3420 ad
1579 3361 1880 3433 iracundiamurnn

177 3452 330 3525 episcopus
341 3451 492 3507 traditur«
500 3455 640 3524 regnante
650 3452 757 3509 domno
768 3451 867 3525 Ugone
878 3471 943 3527 rege
953 3455 1000 3512 liic
1055 3473 1083 3511 ru
1099 3472 1162 3511 nuo
1175 3471 1323 3511 vonuunuc
1338 3453 1501 3521 retulimus,
1518 3453 1724 3522 concitaretur,
1740 3454 1846 3523 eidem,
1863 3469 1881 3509 e

149 3568 154 3575 ·
176 3541 206 3598 in
222 3541 306 3598 ltalia
320 3558 397 3597 anno
416 3543 520 3613 quarto
545 3540 599 3596 sub
615 3540 662 3596 die
675 3556 703 3597 ιιι
719 3540 754 3596 de
770 3558 870 3598 mense
891 3541 999 3611 lulius,
1055 3560 1112 3616 quo
1127 3543 1314 3608 incitabatur,
1330 3542 1439 3598 dixisse
1455 3543 1545 3598 tertur
1563 3559 1569 3598 :
1584 3543 1647 3600 tam
1660 3545 1687 3598 te
1698 3546 1878 3615 percuterem,

84 3621 87 3624 ⁵
176 3631 335 3687 indictione
360 3629 522 3686 secunda.»
533 3628 608 3689 Sunt
635 3628 704 3685 certi
720 3629 902 3688 characteres
930 3633 1000 3688 anni
1052 3634 1110 3689 cisi
1122 3634 1209 3688 iratos
1224 3647 1320 3687 essem.
1334 3653 1349 3680 ι)
1363 3631 1445 3698 Quod
1462 3629 1486 3686 si
1503 3631 1532 3685 in
1549 3629 1657 3686 librum
1672 3646 1730 3703 quo
1747 3626 1882 3687 Mediola-

174 3720 238 3787 929,
255 3734 312 3791 quo
327 3716 438 3791 Ugonis
456 3718 533 3791 regis
551 3735 647 3774 onnus
663 3723 786 3790 quartus
807 3736 907 3776 menso
921 3721 999 3779 dolio
1054 3720 1190 3777 nonsium
1207 3719 1419 3793 questionibus
1435 3716 1597 3792 respondit,
1609 3719 1755 3791 ejusmodi
1766 3723 1881 3775 senten-

174 3807 222 3862 vix
237 3805 467 3873 inchoaverat,et
482 3806 673 3862 concurrebat
693 3822 760 3862 cum
781 3808 938 3865 indictione
954 3826 999 3867 se·
1054 3811 1096 3866 tia
1109 3826 1166 3866 non
1182 3808 1238 3865 luit
1260 3809 1380 3878 inserta,
1397 3806 1476 3864 aliud
1501 3808 1633 3881 ignotum
1648 3806 1785 3864 volumen
1812 3812 1879 3864 anta

175 3895 281 3952 cunda.
289 3895 318 3950 Si
332 3899 430 3950 autem
445 3910 544 3950 mense
556 3892 635 3950 lulio
647 3896 715 3951 anni
731 3895 783 3950 929
797 3897 999 3970 episcopatum
1052 3897 1215 3971 Preloquia
1225 3896 1366 3969 scriptum
1380 3913 1397 3952 a
1410 3895 1546 3953 liuthario
1555 3896 1712 3953 dicendum
1722 3899 1809 3953 esset.
1820 3895 1878 3952 Nec

176 3980 371 4038 veronensem
386 3980 536 4038 obtinebat
551 3979 717 4048 Hilduinus,
733 3998 813 4038 mors
827 3983 928 4056 procul
944 3985 998 4042 du·
1053 3986 1223 4043 dubitamus
1238 3985 1357 4059 quidem
1373 3985 1446 4058 quin
1469 3984 1557 4042 homo
1572 3985 1662 4057 hujus
1676 3983 1727 4041 avi
1741 3984 1878 4042 doctissi-

175 4071 223 4127 bio
235 4068 433 4143 Notherii,qui
443 4068 515 4125 obiit
527 4085 554 4125 ιν
565 4068 633 4125 ldus
645 4070 780 4143 Augusti,
792 4070 821 4126 in
835 4073 998 4144 Augustum
1053 4094 1120 4133 mus
1136 4074 1194 4131 alia
1208 4074 1301 4130 multa
1320 4079 1388 4131 aute
1407 4074 1524 4130 eosdem
1542 4073 1769 4148 Preloquiorum
1785 4072 1879 4130 libros

174 4159 244 4217 anni
261 4157 315 4215 929
338 4158 437 4214 relerri
465 4157 577 4230 nequit,
593 4158 644 4214 sed
673 4160 804 4232 Augusto
819 4161 887 4216 anni
902 4163 998 4219 928in
1053 4163 1396 4235 lucubrauerit,quorum
1411 4163 1554 4220 memoria
1569 4162 1689 4220 interiit.

174 4248 322 4322 epitaphio
338 4247 447 4321 optime
461 4244 627 4303 ascribitur·
1088 4255 1131 4310 15.
1142 4254 1209 4309 Post
1218 4252 1309 4308 terme
1319 4251 1472 4309 biennium
1483 4269 1541 4326 quo
1551 4251 1708 4309 llilduiaue
1716 4251 1877 4308 Veronensi

209 4339 252 4394 13.
264 4336 323 4395 Hac
333 4335 495 4403 occasione,
509 4352 568 4409 qua
582 4333 739 4392 Hilduinus
751 4337 787 4392 ad
800 4337 995 4396 Veronensem
1050 4343 1185 4399 Ecclesia
1193 4342 1481 4415 praerat,Lamberto
1491 4340 1875 4415 metropolitanoexstincto,

172 4428 272 4485 sedem
287 4431 439 4501 promotus
454 4424 698 4492 luit,llatherium
709 4443 766 4482 non
783 4426 853 4482 lovis
869 4444 935 4501 spes
952 4430 996 4484 in·
1049 4430 1160 4488 vacavit
1175 4429 1432 4505 archiepiscopalis
1453 4431 1538 4487 sedes
1563 4429 1799 4495 Mediolanensis,
1811 4445 1874 4501 qua

172 4516 260 4575 cessit
281 4513 454 4572 succedendi
470 4513 618 4582 Hilduino,
634 4537 648 4565 ιι
664 4515 808 4587 promisso
833 4517 909 4590 regis
933 4536 994 4574 ma-
1012 4531 1035 4596 ῃ
1050 4537 1117 4576 oum
1132 4518 1175 4575 illi
1190 4519 1397 4593 congruentior
1411 4517 1473 4575 visa
1489 4523 1578 4584 esset,
1589 4519 1690 4576 eodem
1705 4536 1722 4575 a
1737 4518 1805 4575 sede
1820 4517 1876 4573 Vo-

172 4603 354 4677 noute,quod
367 4603 416 4659 ubi
431 4602 515 4658 illum
528 4602 616 4659 altius
632 4604 818 4674 promovendi
835 4613 996 4680 emergeret
1050 4608 1167 4665 rorensi
1181 4609 1217 4664 ad
1234 4606 1479 4664 Mediolanensem
1494 4608 1637 4674 traducto,
1648 4606 1697 4664 ille
1712 4623 1798 4664 casus
1814 4622 1876 4662 eve·

163 4698 298 4771 tompus,
309 4691 464 4747 ltatberius
475 4690 691 4748 Veronensibus
708 4692 826 4748 daretur
840 4693 995 4768 episcopus
1050 4702 1207 4770 noratque
1224 4695 1379 4752 Ratberius
1395 4712 1429 4751 ex
1445 4694 1554 4769 Ugouis
1575 4696 1652 4770 ragis
1668 4696 1823 4770 promissis
1839 4694 1875 4750 ad

171 4780 270 4855 (l'occ.
286 4796 311 4835 c.
329 4781 384 4847 19).
396 4801 409 4829 »
427 4776 499 4835 Hinc
515 4780 544 4834 in
564 4781 710 4849 Qriotltalis
738 4783 892 4853 rcrrjectore
911 4802 993 4840 num.
1048 4791 1247 4843 veronensem
1261 4784 1429 4840 cathedram
1450 4786 1665 4858 promovendus
1678 4789 1749 4842 erat.
1764 4784 1874 4840 Verum

171 4870 223 4925 13:
235 4892 249 4920 a
263 4867 461 4940 Quadraginta
471 4869 534 4939 jam
552 4869 610 4923 lere
626 4873 695 4924 sunt
709 4869 788 4937 atini,
805 4872 901 4943 inquit
915 4872 993 4929 idem
1049 4897 1064 4927 n
1075 4880 1108 4931 ut
1123 4891 1187 4932 sese
1202 4872 1380 4931 instabilitas
1393 4874 1550 4931 mundana
1566 4891 1642 4948 sepe
1656 4873 1785 4931 continet
1796 4871 1876 4928 volu·

171 4956 338 5028 detherius
351 4974 386 5014 ex
412 4972 469 5029 quo
495 4955 606 5012 ambire
631 4956 792 5028 potentiam
806 4958 894 5030 coepi3
912 4981 926 5009 »
943 4961 993 5016 ubi
1046 4963 1170 5020 bililatis
1192 4962 1304 5036 (scribit
1317 4960 1366 5018 hio
1382 4961 1466 5035 epist.
1482 4964 1509 5032 5,
1527 4980 1609 5031 uum,
1623 4964 1661 5037 3),
1677 4962 1764 5036 longe
1789 4958 1875 5015 aliter

166 5048 298 5122 martie
321 5045 439 5102 nomine
459 5044 513 5102 boc
536 5043 599 5102 loco
622 5045 823 5119 episcopatum
840 5045 991 5122 intelligit3
1047 5069 1080 5109 ac
1095 5050 1280 5126 promiserat,
1293 5049 1353 5124 regi
1365 5049 1737 5126 placuit,cupientipotius‚
1750 5052 1782 5105 ut
1794 5048 1875 5104 lama

168 5135 246 5193 unde
261 5138 327 5209 post
342 5133 679 5207 paucadecdmioistrato
691 5136 818 5206 aequiter
830 5135 939 5193 diutino
946 5155 993 5210 po
1047 5146 1118 5206 crat,
1128 5138 1361 5208 unumetribus,
1378 5144 1430 5196 aut
1443 5142 1601 5212 quemdam
1616 5139 1808 5214 Aquitanum
1822 5139 1875 5193 eut

167 5229 383 5282 metanoeam
400 5227 541 5296 potestate
559 5223 659 5279 eodem
682 5239 770 5279 sensu
788 5223 901 5296 accipit.
918 5224 992 5281 Cum
1046 5228 1242 5295 Garalridum,
1253 5232 1304 5284 aut
1325 5229 1490 5286 Manassem
1505 5229 1703 5288 Arelatensem
1729 5227 1874 5299 archiepi-

168 5313 315 5384 Qootitotis
334 5313 489 5386 conjectura
513 5311 622 5385 scripta
645 5311 733 5368 luerit
756 5328 831 5369 anne
845 5311 908 5380 boo,
923 5331 990 5387 quo·
1047 5334 1179 5392 scopum,
1191 5321 1292 5374 contre
1312 5317 1364 5388 jus
1383 5317 1451 5374 licet
1466 5316 1873 5389 canonum,»Veroneusibus

166 5403 296 5474 draginta
302 5403 361 5475 fere
368 5400 539 5468 aani,latius
547 5400 734 5474 sumpti,non
744 5400 992 5476 malacongruuut
1045 5409 1215 5482 episcopum
1227 5407 1379 5463 duretam
1393 5407 1548 5467 Ratherius
1559 5408 1691 5467 Hilduini
1703 5408 1814 5467 domini
1827 5404 1874 5461 sui

166 5489 418 5554 seneciacum
443 5491 468 5546 si
495 5488 626 5546 strictius
647 5489 808 5563 accipiendi
823 5493 989 5563 credantur,
1044 5515 1134 5555 causa
1149 5498 1272 5554 Romam
1292 5494 1450 5568 protectus,
1462 5501 1496 5558 ud
1510 5498 1693 5572 pontificium
1708 5512 1761 5569 pro
1775 5511 1809 5553 co
1826 5495 1874 5550 di·

165 5580 206 5643 ito
221 5584 368 5644 uteorum
388 5578 505 5642 initium
525 5578 705 5641 sumendum
723 5579 763 5641 sit
782 5580 818 5641 ab
835 5598 912 5645 auno
926 5584 989 5664 926,
1043 5587 1143 5677 ptomq
1157 5603 1215 5649 una
1230 5600 1298 5671 oum
1312 5582 1554 5669 archiepiscopati
1569 5585 1658 5667 pallio
1673 5585 1803 5657 referret,
1818 5583 1875 5645 ibi·
