3892 6090
121 244 183 311 809
591 246 900 312 ANFAFODOSEOS
921 245 1025 310 LIBRI
1047 246 1308 314 sum-ululat
1328 248 1355 313 1.
1763 256 1825 320 310

122 396 188 439 sese
202 379 294 454 quieti
316 378 538 455 dedit,.uigilie
561 380 726 439 custodiam
748 381 817 437 huic
842 380 943 449 infido,
959 381 987 449 Α
1002 380 1147 455 plevitque
1158 384 1179 418 Π
1192 382 1265 441 illud
1276 383 1353 457 quod
1364 394 1415 440 rex
1424 386 1453 440 et
1462 380 1740 457 prophetarentur«
1751 387 1823 453 Quo

121 468 206 544 quasi
221 470 291 538 fido,
308 469 494 528 commitens.
510 469 604 544 Igitur
625 469 799 527 absentibus
821 470 947 543 cunctis,
1004 470 1084 528 niam
1100 471 1238 530 laudatur
1248 476 1383 546 peccator
1396 472 1426 529 in
1448 471 1603 529 desideriis
1625 472 1731 532 anime
1753 491 1825 546 sue,

119 560 254 634 lingonis
276 574 362 616 mens
386 560 526 629 custodis,
555 560 647 616 immo
676 559 833 633 proditoris
860 562 947 632 etque
1002 566 1032 618 et
1045 561 1147 635 iniqua
1161 579 1266 637 gerens
1286 561 1470 621 benedicitur
1492 563 1579 633 (Psoi.
1594 580 1622 630 x,
1636 563 1675 638 3).
1691 585 1706 619 a
1724 565 1780 622 Sed
1795 569 1828 622 et

119 647 277 717 carnificis,
293 647 465 705 collatorum
481 647 694 707 beneficiorum
710 648 867 705 immemor
882 649 946 722 plu·
1002 648 1083 706 aliud
1112 650 1217 709 iecisse
1243 651 1365 709 minime
1390 650 1485 726 potuit
1504 654 1623 725 propter
1644 652 1705 710 hac
1730 652 1826 727 ipsius

119 738 210 806 mum,
224 735 316 811 patris
340 741 465 794 mortem
490 737 588 794 animo
604 737 681 811 oepit
703 737 857 795 revolvere.
882 738 947 794 Non
1000 736 1140 823 yeritatis
1154 741 1243 797 verbe
1265 739 1410 797 dicentis:
1427 763 1442 793 «
1457 738 1553 796 Nichil
1574 744 1720 815 opertum,
1745 742 1825 815 quod

119 826 318 886 consideravit
332 824 493 900 genitorem
509 844 598 885 suum
607 827 721 899 justam
732 826 948 885 incurrissene·
1001 844 1060 884 non
1075 829 1229 898 reveletur,
1244 834 1274 887 et
1288 829 1445 898 occultum,
1462 829 1539 901 quod
1555 846 1614 887 non
1626 830 1657 888 in
1673 830 1826 905 publicum

119 934 204 987 cem;
231 915 457 988 jusjurandum,
487 917 548 992 regi
576 918 655 990 quod
687 916 805 985 lecerat,
837 915 946 973 violare
999 917 1222 991 veniattllottlr.
1239 936 1266 988 x,
1283 918 1339 991 26).
1357 940 1372 969 n

120 1024 180 1065 nou
197 1004 303 1063 metuit
315 1022 323 1075 3
334 1004 478 1063 vicarium
494 1023 525 1063 se
536 1006 629 1074 tude,
645 1006 757 1064 domini
771 1005 863 1063 nostri
875 1007 945 1064 iesu
1014 1059 1016 1063 .
1034 1007 1080 1063 13.
1097 1007 1148 1063 liis
1160 1008 1201 1064 ita
1216 1007 1316 1081 gestis,
1333 1024 1383 1064 rex
1406 1007 1600 1082 Berengarius
1614 1008 1749 1082 ampliori
1768 1010 1825 1082 pri·

119 1094 228 1153 Christi
246 1095 415 1169 proditoris,
437 1094 577 1170 appellari
589 1112 648 1152 non
663 1095 798 1163 erubuit;
814 1097 843 1152 et
866 1095 945 1167 quod
999 1094 1079 1153 stine
1092 1095 1234 1169 dignitate
1246 1097 1327 1170 regie
1346 1096 1525 1166 honoratur;
1547 1096 1721 1155 Adelbertus
1745 1115 1824 1156 mar-

120 1189 165 1243 est
175 1183 302 1259 gravius,
310 1183 523 1257 sempiternum
532 1183 691 1257 suplicium
702 1183 870 1241 subiturum
881 1198 946 1240 sese
999 1184 1065 1242 chio
1079 1190 1108 1242 et
1121 1186 1209 1243 ceteri
1225 1187 1260 1243 ad
1277 1186 1395 1261 propria
1407 1187 1602 1243 destinentur.

119 1273 307 1343 nontimuit;
330 1289 434 1329 verum
457 1273 612 1330 conamine
636 1275 698 1331 toto
720 1272 840 1339 virium,
865 1272 946 1345 ligne
1035 1275 1080 1329 11.
1099 1275 1187 1332 Juvat
1206 1280 1315 1344 autern,
1340 1280 1424 1349 pater
1441 1275 1608 1345 karissime,
1632 1277 1707 1334 tanti
1732 1277 1824 1349 hujus

120 1383 179 1423 non
191 1361 469 1420 modicodormienti
478 1361 586 1420 collum
595 1361 691 1435 tregit.
703 1360 947 1434 Gladio⁷⁶quippe
1000 1362 1114 1420 obitum
1128 1365 1206 1436 regis
1221 1367 1251 1421 et
1269 1364 1403 1421 deflendo
1418 1364 1544 1422 scribere
1558 1370 1587 1421 et
1602 1365 1757 1423 scribendo
1772 1367 1823 1424 de-

119 1453 207 1512 lenire
220 1451 329 1522 timuit,
346 1467 382 1507 ne
404 1450 514 1526 peccati
530 1450 623 1524 hujus
644 1454 792 1507 auctorem
807 1466 854 1507 res
877 1465 947 1506 eum
1000 1451 1080 1508 llere.
1096 1452 1192 1521 Inerat
1204 1468 1332 1525 namque
1353 1452 1396 1508 illi
1411 1453 1535 1510 honesta
1548 1470 1665 1512 morum
1680 1454 1821 1529 probitas,

120 1541 279 1599 manifesta
291 1539 438 1614 probaret.
455 1541 496 1597 lio
512 1555 641 1612 namque
655 1555 739 1595 mens
755 1555 891 1612 perversa
906 1538 947 1595 ita
1001 1545 1104 1597 sancta
1118 1545 1148 1597 et
1163 1541 1352 1598 formidolosa
1373 1543 1523 1610 severitas,
1540 1545 1568 1598 et
1583 1559 1671 1615 quem
1682 1545 1824 1615 juventus

117 1630 188 1704 egit,
206 1634 239 1686 nt
267 1646 325 1685 non
339 1627 431 1701 gladii
458 1628 589 1694 cicatrix,
617 1628 669 1683 sed
690 1626 762 1699 ligni
790 1626 947 1684 manifesta
1001 1629 1125 1686 ornabat
1138 1629 1168 1685 in
1192 1646 1313 1704 corpore
1328 1630 1492 1703 splendida,
1509 1631 1616 1688 mentis
1631 1632 1753 1689 canities
1771 1633 1824 1689 de·

116 1717 241 1789 collisio,
267 1717 345 1774 huno
371 1716 606 1790 repperientibus
629 1716 719 1772 fidem
744 1715 847 1772 darent
870 1732 945 1789 equo
958 1752 984 1817 Β
1000 1721 1148 1774 curaverat
1178 1722 1290 1775 sancte.
1319 1717 1408 1775 Plane
1432 1718 1500 1791 plus
1527 1719 1591 1792 ipso
1620 1720 1660 1777 rei
1690 1720 1823 1794 publicas,

115 1806 268 1876 cecidisse,
285 1805 411 1880 collique
425 1805 571 1862 lraoeione
586 1802 737 1860 hominem
748 1802 878 1861 exivisse.
891 1804 944 1860 Ln-
998 1820 1087 1877 qnam
1102 1823 1148 1862 res
1172 1806 1291 1880 publica
1314 1807 1429 1864 decoris
1453 1807 1480 1865 ei
1502 1808 1674 1866 contulerat.
1693 1811 1773 1877 Quod
1799 1810 1824 1866 si

114 1898 234 1972 tuitque
249 1909 303 1971 per
317 1911 410 1952 annos
425 1910 472 1951 res
494 1909 583 1966 quam
608 1891 762 1965 plurimos.
788 1893 845 1949 Sed
870 1892 942 1949 dum
997 1910 1055 1951 non
1071 1893 1128 1952 cita
1156 1911 1236 1952 mors
1265 1895 1344 1952 hune
1372 1899 1496 1969 raperet,
1518 1897 1545 1954 is
1573 1902 1651 1955 esset
1678 1898 1729 1972 qui
1757 1903 1825 1972 post

114 2003 255 2064 processu
270 1982 411 2058 temporis
427 1980 620 2055 Berongarius
634 1996 696 2051 rex,
716 1979 797 2037 nullo
814 1981 871 2038 sibi
889 1998 941 2037 rc·
996 1980 1195 2040 Romanorum
1211 1983 1371 2057 potentiam
1385 1988 1481 2042 totum
1502 1985 1558 2045 sibi
1574 1985 1675 2045 orbem
1699 1987 1824 2046 viriliter

114 2070 249 2147 mamete,
276 2089 400 2148 regnum
428 2070 552 2129 viriliter
580 2070 736 2139 obtineret,
751 2069 815 2143 ipse
842 2073 941 2128 reatus
996 2071 1178 2145 subjugaret.

114 2165 237 2243 proprii,
252 2164 329 2224 sicut
344 2162 439 2222 iuerat
460 2165 571 2229 auctor,
596 2159 691 2218 extitit
715 2159 857 2233 proditor,
884 2159 940 2215 im·

781 2325 910 2369 mucia
928 2322 1012 2370 mula
1029 2324 1153 2369 PRIMUS·

628 2514 812 2575 lNGlPlUN'l'
832 2514 1010 2575 carinum
1028 2512 1128 2572 LlBlil
1146 2512 1308 2572 saeuum.

113 2656 143 2739 1.
154 2676 197 2738 De
212 2691 245 2734 eo
260 2674 338 2749 qaod
353 2673 556 2747 postmortem
570 2668 683 2726 arnulli
694 2666 850 2726 Hlodoicus
862 2666 941 2725 tilius
994 2667 1038 2725 l5.
1055 2667 1205 2733 Quomodo
1220 2663 1362 2738 Hungarii
1376 2664 1480 2738 positis
1494 2665 1612 2724 insidiis
1627 2681 1716 2741 super
1741 2669 1819 2728 chri·

121 2838 124 2843 ¹
150 2768 216 2841 ejus
230 2781 281 2823 rex
294 2761 494 2822 constituitur.
1031 2756 1143 2813 stianos
1157 2754 1275 2811 irruunt
1288 2754 1311 2792 ⁸⁰
1326 2753 1495 2813 etvincunt.

111 2859 143 2914 2.
158 2852 303 2928 Hungarii
318 2850 420 2910 audita
436 2862 506 2907 nece
520 2846 634 2904 arnulfi
645 2846 817 2920 Regnoriam
825 2849 938 2918 petunt.
995 2844 1039 2901 le.
1051 2844 1133 2911 Quod
1148 2843 1300 2901 victoriam
1316 2861 1375 2900 non
1391 2860 1443 2917 pro
1458 2861 1560 2902 eorum
1574 2846 1755 2918 fortitudine,
1767 2848 1819 2907 sed

111 2947 140 3002 3.
166 2943 347 3001 Hulodoicus
370 2938 482 2998 bellum
503 2935 662 3011 Hungariis
686 2939 770 3010 parat
786 2935 872 3007 J'uxte
886 2933 939 2992 Le·
1030 2948 1083 3007 pre
1098 2931 1327 2990 christianorum
1342 2938 1461 3006 peccato
1476 2933 1643 2996 habuerint.

149 3049 305 3091 mannum,
995 3021 1039 3079 17.
1054 3022 1136 3090 Quod
1151 3037 1185 3079 eo
1206 3026 1338 3096 tempore
1364 3022 1543 3081 Hulodoicus
1560 3042 1609 3083 rex
1638 3027 1816 3085 Francorum

111 3124 140 3180 1.
157 3119 300 3196 liungarii
316 3117 420 3193 positis
435 3115 551 3175 insidiis
574 3111 728 3173 Hulodoici
743 3111 852 3170 milites
872 3111 939 3169 vin·
1029 3110 1163 3179 moritur,
1177 3116 1207 3168 ct
1218 3110 1394 3168 chunradus
1409 3129 1461 3185 pro
1476 3129 1510 3169 eo
1524 3114 1687 3171 ordinatur.

149 3215 232 3270 cunt.
952 3210 974 3281 ρ
993 3199 1040 3258 18.
1055 3199 1129 3266 Quid
1144 3199 1199 3257 sub
1215 3215 1248 3255 eo
1264 3199 1409 3272 principes
1419 3204 1513 3268 erent,
1524 3202 1600 3260 inter
1611 3220 1685 3276 quos
1694 3207 1724 3261 et
1733 3204 1818 3262 llein·

112 3302 143 3360 5.
159 3299 287 3374 Fugiens
306 3295 503 3354 Hulodoicus:
519 3291 657 3367 Hungarii
684 3291 863 3348 Francorum
886 3290 938 3347 Sa·
1028 3288 1107 3345 mous
1122 3289 1270 3344 Saxonum
1285 3287 1423 3345 duxerat.

124 3370 130 3379 ⁹
149 3406 261 3448 xonum
276 3392 305 3445 et
319 3387 482 3444 Suavorum
497 3389 606 3442 terram
620 3381 834 3455 depredantur.
995 3376 1038 3433 19.
1054 3378 1095 3434 De
1109 3391 1143 3432 eo
1158 3376 1235 3448 quod
1251 3374 1404 3434 Heinricus
1420 3381 1449 3434 et
1458 3379 1554 3435 caeteri
1563 3379 1710 3452 principes
1720 3380 1817 3436 Chun-

113 3498 143 3565 6,
156 3497 198 3553 De
213 3493 370 3553 rebellione
384 3491 533 3549 edelberti
549 3487 675 3557 comilis,
693 3491 722 3544 et
746 3484 873 3559 qualiter
889 3484 940 3540 (10.
1031 3465 1101 3522 rado
1115 3463 1320 3521 rebellaverint
1334 3465 1405 3537 regi,
1423 3469 1451 3522 et
1465 3467 1502 3523 ab
1514 3484 1547 3523 eo
1568 3468 1636 3523 victi
1653 3468 1771 3540 luerint,
1790 3472 1820 3525 et

1031 3552 1101 3627 quie
1113 3551 1260 3609 Arnaldus
1275 3552 1305 3608 in
1321 3551 1501 3625 [iungariam
1517 3555 1624 3625 sugerit
1637 3556 1669 3608 ⁸¹.

994 3643 1040 3699 20.
1056 3641 1266 3698 Chouonradus
1289 3658 1339 3697 rex
1360 3642 1489 3699 moriens
1504 3642 1651 3716 principes
1669 3659 1772 3700 omnes
1785 3645 1822 3701 de

1031 3748 1110 3805 pace,
1127 3734 1156 3786 et
1171 3734 1204 3786 ut
1219 3730 1387 3787 Heinricum
1403 3746 1502 3804 regem
1518 3733 1708 3802 constituant,
1720 3733 1821 3791 exhor-

1030 3823 1119 3889 tatur,
1135 3819 1181 3875 cui
1196 3824 1225 3875 et
1235 3818 1344 3893 regalia
1354 3823 1527 3879 ornamenta
1540 3821 1725 3879 transmittit.

150 3584 278 3658 cipieute
293 3583 417 3639 Hnttone
433 3578 652 3651 archiepiscopo
667 3575 706 3634 sit
716 3575 886 3632 decollatus.

112 3696 142 3751 7.
158 3691 362 3764 Exploratores
377 3685 503 3762 regressi
519 3685 597 3758 quod
614 3683 770 3740 consilium
795 3679 940 3737 dederint.

113 3782 143 3839 8.
159 3780 256 3847 Quare
271 3777 414 3851 Hungarii
438 3773 531 3832 territi
557 3774 594 3830 ab
613 3771 702 3830 ltaliae
724 3772 860 3845 ingressu
881 3768 942 3825 sint

113 3885 445 4029 3111111111Ηυηεατὶἱ
461 3954 595 4027 reparato
610 3949 737 4009 exercitu
760 3947 892 4006 venerint
915 3948 944 4003 et
995 3910 1041 3967 21·
1059 3909 1232 4010 Qu⁰¹¹md⁰
1250 3926 1322 4010 1936,
1332 3913 1458 4011 11101111,ον
1470 3910 1613 3968 ernaldus
1625 3911 1661 3968 ab
1672 3911 1822 3985 1111181118

1032 4000 1109 4056 redit
1122 4002 1210 4072 atqua
1225 3997 1358 4055 Hemmeo
1374 4015 1435 4073 regn
1451 3997 1561 4056 bollum
1576 4005 1670 4073 parat.

119 4088 122 4095 Ι
152 4047 246 4107 muni
262 4047 305 4105 eis
320 4043 509 4163 occumrifst'
811 4144 817 4157 .
855 4144 861 4155 .
995 4091 1041 4146 22.
1058 4085 1341 4145 Heinricushrualdi
1353 4087 1485 4144 animum
1496 4089 1729 4161 prudentissima
1740 4088 1821 4147 locu-

116 4158 162 4216 10.
180 4154 238 4212 Cur
254 4171 304 4211 rex
319 4153 512 4225 Berengnrrus
531 4150 566 4206 ad
592 4146 703 4205 bellum
726 4163 785 4203 non
809 4142 943 4212 rerrt,vel
1033 4178 1111 4233 tione
1126 4175 1251 4249 mitigat.

117 4322 124 4329 .
154 4262 208 4303 ⁰¹¹³
222 4242 352 4320 Hungm
367 4239 457 4301 113103
471 4238 611 4313 fugerint·
996 4268 1042 4324 23.
1058 4265 1204 4322 Arnaldus
1219 4281 1341 4321 suorum
1357 4266 1559 4323 exhortatione
1582 4265 1710 4322 militum
1735 4264 1823 4321 llein-

117 4354 164 4413 11.
186 4352 344 4427 Fugientes
368 4344 475 4423 pagani
505 4342 675 4402 christianis
704 4357 805 4415 paoem
830 4341 943 4411 petunt,
1034 4354 1087 4410 ἠοῖ
1103 4353 1137 4408 fit
1150 4351 1334 4425 mflegmgqfl,

154 4456 245 4516 wem
261 4457 320 4497 non
335 4435 505 4511 adquirunt·
998 4444 1043 4500 21.
1060 4441 1168 4498 Audite
1183 4440 1325 4514 Hungarii
1345 4445 1438 4497 morte
1463 4440 1643 4508 Chuonradi,
1666 4440 1824 4498 Saxoniam

118 4533 156 4607 12
170 4535 212 4588 De
226 4528 360 4605 proludio
375 4541 491 4601 pugna,
517 4522 548 4578 in
565 4537 623 4595 quo
637 4519 790 4575 vincerunt
804 4515 946 4589 Hungarii
1036 4528 1252 4604 ingrediuntur,

117 4634 122 4643 ’
156 4624 315 4695 postquam
330 4617 479 4690 fugerunt.
1001 4620 1047 4676 25.
1064 4619 1123 4674 Rex
1150 4616 1314 4684 Heinricus,
1331 4632 1512 4690 quamquam
1539 4617 1685 4687 infirmus,
1706 4616 1748 4675 eis
1778 4632 1826 4675 oe·

119 4729 168 4791 13.
184 4731 225 4784 De
239 4743 273 4784 eo
289 4724 367 4798 quod
383 4724 502 4796 propter
515 4717 691 4790 defatigatos
705 4715 727 4751 ⁷⁸
751 4729 843 4786 equos
860 4727 949 4784 super
1039 4707 1141 4764 currit.

118 4802 123 4813 '
157 4815 283 4874 lluuinm
299 4814 436 4870 Brentam
450 4807 559 4883 pagani
572 4800 952 4875 christianosprestolaren-
1004 4799 1050 4854 2d.
1067 4794 1198 4861 Qualiter
1212 4795 1249 4851 ed
1274 4809 1404 4867 pugnam
1428 4812 1498 4853 snos
1527 4795 1695 4856 exhortatus
1710 4795 1749 4855 sit
1772 4796 1828 4854 mi·

157 4909 220 4974 tur,
235 4903 337 4976 eisque
360 4916 462 4975 pacem
492 4896 657 4969 quaererent
671 4894 703 4962 ⁷⁹,
721 4907 811 4965 quam
831 4907 889 4947 non
905 4889 953 4947 de·
1041 4885 1118 4943 lites.

116 5009 120 5017 ·
154 4982 276 5051 derunt.
1004 4977 1051 5031 27.
1067 4974 1109 5032 Do
1123 4974 1200 5030 hono
1215 4977 1280 5031 voto
1295 4972 1423 5030 Heinrici
1437 4974 1524 5048 regis.

112 5084 172 5143 11.
187 5082 270 5150 Quod
286 5079 444 5138 consilinm
460 5072 602 5149 hungarii
618 5073 655 5129 oh
666 5069 899 5144 desperationem
909 5069 954 5125 in·
1007 5065 1053 5122 38.
1070 5064 1110 5120 De
1130 5062 1234 5120 nuntio
1258 5061 1309 5135 qui
1332 5062 1498 5136 Hungarios
1521 5063 1552 5120 in
1574 5063 1744 5139 Meresburg
1767 5080 1832 5125 esse

156 5170 304 5240 venerint,
320 5173 350 5228 et
365 5167 436 5243 quid
451 5165 586 5225 dixerint.
796 5198 799 5203 .
1043 5152 1207 5211 nuntiabat.

799 5298 921 5359 VARIAE
938 5295 1148 5359 nuculeum.

114 5437 125 5451 .
156 5439 181 5480 u
198 5436 301 5501 Gladio
315 5465 351 5480 -
365 5434 396 5494 iu
417 5430 570 5510 publicum
593 5428 692 5488 veniat
713 5422 811 5486 dotum
834 5424 867 5486 ta
889 5422 1067 5514 redicatur&
1103 5422 1127 5463 n
1163 5419 1312 5498 impletque
1325 5422 1352 5483 l.
1389 5422 1412 5463 ²⁸
1449 5420 1620 5501 defetigatus
1637 5423 1663 5484 1.
1683 5418 1723 5463 1²⁰
1758 5434 1835 5499 que·

120 5543 222 5609 serent
237 5542 262 5600 1.
301 5536 326 5575 ⁸⁰
372 5535 471 5601 larunt
487 5533 513 5589 1.
549 5528 572 5567 ⁸¹
609 5525 842 5617 iugerinth·
883 5596 886 5603 1
940 5599 943 5606 ¹
1002 5600 1006 5608 .
1073 5599 1080 5615 ι

284 5641 419 5751 Panos,
439 5636 603 5733 cxxxvi.
830 5635 833 5639 ’
1034 5613 1040 5619 ’
1633 5644 1676 5729 sq
