<?xml version="1.0" encoding="UTF-8"?>
<!DOCTYPE html PUBLIC "-//W3C//DTD XHTML 1.0 Transitional//EN"
    "http://www.w3.org/TR/xhtml1/DTD/xhtml1-transitional.dtd">
<html xmlns="http://www.w3.org/1999/xhtml" xml:lang="en" lang="en">
 <head>
  <title>
</title>
<meta http-equiv="Content-Type" content="text/html;charset=utf-8" />
  <meta name='ocr-system' content='tesseract 3.04.00' />
  <meta name='ocr-capabilities' content='ocr_page ocr_carea ocr_par ocr_line ocrx_word'/>
</head>
<body>
  <div class='ocr_page' id='page_1' title='image "./patrologiaecurs89unkngoog/patrologiaecurs89unkngoog_0650.png"; bbox 0 0 3876 6084; ppageno 0'>
   <div class='ocr_carea' id='block_1_1' title="bbox 117 236 1821 318">
    <p class='ocr_par' dir='ltr' id='par_1_1' title="bbox 117 236 1821 318">
     <span class='ocr_line' id='line_1_1' title="bbox 117 236 1821 318; baseline 0.007 -12"><span class='ocrx_word' id='word_1_1' title='bbox 117 245 195 308; x_wconf 80' lang='lat' dir='ltr'>ms</span> <span class='ocrx_word' id='word_1_2' title='bbox 806 236 1131 310; x_wconf 74' lang='lat' dir='ltr'>cataractarum</span> <span class='ocrx_word' id='word_1_3' title='bbox 1742 238 1821 318; x_wconf 76' lang='lat' dir='ltr'>issa</span> 
     </span>
    </p>
   </div>
   <div class='ocr_carea' id='block_1_2' title="bbox 104 365 1838 4812">
    <p class='ocr_par' dir='ltr' id='par_1_2' title="bbox 104 365 1838 4812">
     <span class='ocr_line' id='line_1_2' title="bbox 115 365 1822 459; baseline 0.004 -21"><span class='ocrx_word' id='word_1_4' title='bbox 115 384 230 438; x_wconf 69' lang='lat' dir='ltr'>oerum</span> <span class='ocrx_word' id='word_1_5' title='bbox 245 378 322 436; x_wconf 81' lang='lat' dir='ltr'>beati</span> <span class='ocrx_word' id='word_1_6' title='bbox 335 367 505 445; x_wconf 75' lang='lat' dir='ltr'>annosas,</span> <span class='ocrx_word' id='word_1_7' title='bbox 516 376 593 450; x_wconf 69' lang='lat' dir='ltr'>quoa</span> <span class='ocrx_word' id='word_1_8' title='bbox 614 377 644 433; x_wconf 76' lang='lat' dir='ltr'>ru</span> <span class='ocrx_word' id='word_1_9' title='bbox 665 376 815 451; x_wconf 79' lang='lat' dir='ltr'>privilegio</span> <span class='ocrx_word' id='word_1_10' title='bbox 831 377 867 433; x_wconf 75' lang='lat' dir='ltr'>aa</span> <span class='ocrx_word' id='word_1_11' title='bbox 878 369 941 433; x_wconf 63' lang='lat' dir='ltr'>&#39;aa</span> <span class='ocrx_word' id='word_1_12' title='bbox 955 377 983 445; x_wconf 82' lang='lat' dir='ltr'>l</span> <span class='ocrx_word' id='word_1_13' title='bbox 999 377 1163 435; x_wconf 81' lang='lat' dir='ltr'>ludovicus</span> <span class='ocrx_word' id='word_1_14' title='bbox 1178 383 1207 436; x_wconf 74' lang='lat' dir='ltr'>er</span> <span class='ocrx_word' id='word_1_15' title='bbox 1221 379 1341 438; x_wconf 64' lang='lat' dir='ltr'>oneras</span> <span class='ocrx_word' id='word_1_16' title='bbox 1355 365 1526 441; x_wconf 70' lang='lat' dir='ltr'>canaonem</span> <span class='ocrx_word' id='word_1_17' title='bbox 1544 382 1627 459; x_wconf 72' lang='lat' dir='ltr'>regar</span> <span class='ocrx_word' id='word_1_18' title='bbox 1640 384 1822 458; x_wconf 68' lang='lat' dir='ltr'>mamre,</span> 
     </span>
     <span class='ocr_line' id='line_1_3' title="bbox 116 465 1821 546; baseline 0.004 -20"><span class='ocrx_word' id='word_1_19' title='bbox 116 469 226 527; x_wconf 81' lang='lat' dir='ltr'><strong>ditione</strong></span> <span class='ocrx_word' id='word_1_20' title='bbox 239 468 333 541; x_wconf 88' lang='lat' dir='ltr'>ipsius</span> <span class='ocrx_word' id='word_1_21' title='bbox 357 468 412 525; x_wconf 92' lang='lat' dir='ltr'>loci</span> <span class='ocrx_word' id='word_1_22' title='bbox 439 466 579 524; x_wconf 84' lang='lat' dir='ltr'>coenobiis</span> <span class='ocrx_word' id='word_1_23' title='bbox 594 466 712 539; x_wconf 90' lang='lat' dir='ltr'>scripsit</span> <span class='ocrx_word' id='word_1_24' title='bbox 727 471 756 524; x_wconf 87' lang='lat' dir='ltr'>ct</span> <span class='ocrx_word' id='word_1_25' title='bbox 779 465 940 535; x_wconf 73' lang='lat' dir='ltr'>interdixit,</span> <span class='ocrx_word' id='word_1_26' title='bbox 996 472 1063 539; x_wconf 89' lang='lat' dir='ltr'>post</span> <span class='ocrx_word' id='word_1_27' title='bbox 1076 484 1168 525; x_wconf 91' lang='lat' dir='ltr'>unum</span> <span class='ocrx_word' id='word_1_28' title='bbox 1184 486 1306 537; x_wconf 88' lang='lat' dir='ltr'>anuum,</span> <span class='ocrx_word' id='word_1_29' title='bbox 1321 471 1449 529; x_wconf 86' lang='lat' dir='ltr'>maximo</span> <span class='ocrx_word' id='word_1_30' title='bbox 1469 472 1567 546; x_wconf 76' lang='lat' dir='ltr'>prelio</span> <span class='ocrx_word' id='word_1_31' title='bbox 1581 473 1658 532; x_wconf 86' lang='lat' dir='ltr'>inter</span> <span class='ocrx_word' id='word_1_32' title='bbox 1671 488 1705 533; x_wconf 87' lang='lat' dir='ltr'>se</span> <span class='ocrx_word' id='word_1_33' title='bbox 1718 474 1821 533; x_wconf 56' lang='lat' dir='ltr'>condi*</span> 
     </span>
     <span class='ocr_line' id='line_1_4' title="bbox 116 555 1822 638; baseline 0.005 -24"><span class='ocrx_word' id='word_1_34' title='bbox 116 557 267 625; x_wconf 87' lang='lat' dir='ltr'>baberent,</span> <span class='ocrx_word' id='word_1_35' title='bbox 279 561 422 624; x_wconf 88' lang='lat' dir='ltr'>tenerent,</span> <span class='ocrx_word' id='word_1_36' title='bbox 433 560 462 612; x_wconf 91' lang='lat' dir='ltr'>et</span> <span class='ocrx_word' id='word_1_37' title='bbox 471 556 501 612; x_wconf 88' lang='lat' dir='ltr'>in</span> <span class='ocrx_word' id='word_1_38' title='bbox 514 560 655 629; x_wconf 89' lang='lat' dir='ltr'>perpetuo</span> <span class='ocrx_word' id='word_1_39' title='bbox 665 555 784 628; x_wconf 87' lang='lat' dir='ltr'>perenni</span> <span class='ocrx_word' id='word_1_40' title='bbox 795 556 863 627; x_wconf 91' lang='lat' dir='ltr'>jure</span> <span class='ocrx_word' id='word_1_41' title='bbox 873 572 941 628; x_wconf 86' lang='lat' dir='ltr'>pos·</span> <span class='ocrx_word' id='word_1_42' title='bbox 994 560 1100 614; x_wconf 77' lang='lat' dir='ltr'><strong>xerunt</strong></span> <span class='ocrx_word' id='word_1_43' title='bbox 1113 558 1143 614; x_wconf 92' lang='lat' dir='ltr'>in</span> <span class='ocrx_word' id='word_1_44' title='bbox 1159 573 1234 632; x_wconf 87' lang='lat' dir='ltr'>pago</span> <span class='ocrx_word' id='word_1_45' title='bbox 1247 559 1495 630; x_wconf 78' lang='lat' dir='ltr'>Autisiodorense,</span> <span class='ocrx_word' id='word_1_46' title='bbox 1511 562 1541 618; x_wconf 93' lang='lat' dir='ltr'>in</span> <span class='ocrx_word' id='word_1_47' title='bbox 1557 561 1620 621; x_wconf 88' lang='lat' dir='ltr'>loco</span> <span class='ocrx_word' id='word_1_48' title='bbox 1635 563 1686 638; x_wconf 90' lang='lat' dir='ltr'>qui</span> <span class='ocrx_word' id='word_1_49' title='bbox 1700 566 1822 623; x_wconf 84' lang='lat' dir='ltr'>vocator</span> 
     </span>
     <span class='ocr_line' id='line_1_5' title="bbox 115 643 1823 723; baseline 0.005 -19"><span class='ocrx_word' id='word_1_50' title='bbox 115 646 319 704; x_wconf 83' lang='lat' dir='ltr'>siderentNec</span> <span class='ocrx_word' id='word_1_51' title='bbox 334 645 489 720; x_wconf 89' lang='lat' dir='ltr'>episcopus</span> <span class='ocrx_word' id='word_1_52' title='bbox 502 643 787 701; x_wconf 87' lang='lat' dir='ltr'>autarchidiaconus</span> <span class='ocrx_word' id='word_1_53' title='bbox 802 645 877 717; x_wconf 87' lang='lat' dir='ltr'>ejus,</span> <span class='ocrx_word' id='word_1_54' title='bbox 888 661 940 701; x_wconf 88' lang='lat' dir='ltr'>seu</span> <span class='ocrx_word' id='word_1_55' title='bbox 996 644 1198 704; x_wconf 79' lang='lat' dir='ltr'>lontenetum.</span> <span class='ocrx_word' id='word_1_56' title='bbox 1215 647 1248 704; x_wconf 92' lang='lat' dir='ltr'>ln</span> <span class='ocrx_word' id='word_1_57' title='bbox 1263 665 1322 722; x_wconf 93' lang='lat' dir='ltr'>quo</span> <span class='ocrx_word' id='word_1_58' title='bbox 1336 649 1400 706; x_wconf 89' lang='lat' dir='ltr'>loeo</span> <span class='ocrx_word' id='word_1_59' title='bbox 1413 650 1526 723; x_wconf 83' lang='lat' dir='ltr'>Franci,</span> <span class='ocrx_word' id='word_1_60' title='bbox 1533 668 1599 709; x_wconf 89' lang='lat' dir='ltr'>cum</span> <span class='ocrx_word' id='word_1_61' title='bbox 1614 651 1753 712; x_wconf 85' lang='lat' dir='ltr'>omnibus</span> <span class='ocrx_word' id='word_1_62' title='bbox 1766 670 1823 712; x_wconf 87' lang='lat' dir='ltr'>na··</span> 
     </span>
     <span class='ocr_line' id='line_1_6' title="bbox 114 731 1817 817; baseline 0.005 -25"><span class='ocrx_word' id='word_1_63' title='bbox 114 735 222 808; x_wconf 87' lang='lat' dir='ltr'>aliquis</span> <span class='ocrx_word' id='word_1_64' title='bbox 237 733 471 801; x_wconf 88' lang='lat' dir='ltr'>clericorum,vel</span> <span class='ocrx_word' id='word_1_65' title='bbox 486 733 574 806; x_wconf 84' lang='lat' dir='ltr'>judex</span> <span class='ocrx_word' id='word_1_66' title='bbox 589 733 749 790; x_wconf 88' lang='lat' dir='ltr'>lorensium</span> <span class='ocrx_word' id='word_1_67' title='bbox 765 749 874 799; x_wconf 89' lang='lat' dir='ltr'>rerum,</span> <span class='ocrx_word' id='word_1_68' title='bbox 889 731 941 789; x_wconf 88' lang='lat' dir='ltr'>ali·</span> <span class='ocrx_word' id='word_1_69' title='bbox 993 732 1817 817; x_wconf 78' lang='lat' dir='ltr'>tionibussibisubJ&#39;ectis,mutuasecedeprosternsutss,</span> 
     </span>
     <span class='ocr_line' id='line_1_7' title="bbox 114 822 1824 905; baseline 0.003 -21"><span class='ocrx_word' id='word_1_70' title='bbox 114 828 185 903; x_wconf 93' lang='lat' dir='ltr'>quid</span> <span class='ocrx_word' id='word_1_71' title='bbox 201 826 257 883; x_wconf 93' lang='lat' dir='ltr'>sibi</span> <span class='ocrx_word' id='word_1_72' title='bbox 277 823 380 880; x_wconf 79' lang='lat' dir='ltr'>exinde</span> <span class='ocrx_word' id='word_1_73' title='bbox 393 822 551 879; x_wconf 78' lang='lat' dir='ltr'>vindicent.</span> <span class='ocrx_word' id='word_1_74' title='bbox 574 822 707 895; x_wconf 87' lang='lat' dir='ltr'>Denique</span> <span class='ocrx_word' id='word_1_75' title='bbox 729 823 793 895; x_wconf 78' lang='lat' dir='ltr'>Jam</span> <span class='ocrx_word' id='word_1_76' title='bbox 817 822 938 895; x_wconf 89' lang='lat' dir='ltr'>quidam</span> <span class='ocrx_word' id='word_1_77' title='bbox 993 822 1030 878; x_wconf 89' lang='lat' dir='ltr'>ad</span> <span class='ocrx_word' id='word_1_78' title='bbox 1047 822 1185 880; x_wconf 92' lang='lat' dir='ltr'>ultimum</span> <span class='ocrx_word' id='word_1_79' title='bbox 1201 825 1364 883; x_wconf 89' lang='lat' dir='ltr'>Ludovieus</span> <span class='ocrx_word' id='word_1_80' title='bbox 1376 830 1405 883; x_wconf 90' lang='lat' dir='ltr'>at</span> <span class='ocrx_word' id='word_1_81' title='bbox 1413 826 1544 898; x_wconf 85' lang='lat' dir='ltr'>Carolus,</span> <span class='ocrx_word' id='word_1_82' title='bbox 1556 828 1691 887; x_wconf 89' lang='lat' dir='ltr'>Lotbario</span> <span class='ocrx_word' id='word_1_83' title='bbox 1704 829 1824 905; x_wconf 80' lang='lat' dir='ltr'>fugato,</span> 
     </span>
     <span class='ocr_line' id='line_1_8' title="bbox 115 910 1818 996; baseline 0.002 -20"><span class='ocrx_word' id='word_1_84' title='bbox 115 919 295 976; x_wconf 87' lang='lat' dir='ltr'>emerserant</span> <span class='ocrx_word' id='word_1_85' title='bbox 305 912 428 996; x_wconf 81' lang='lat' dir='ltr'>audacia</span> <span class='ocrx_word' id='word_1_86' title='bbox 436 910 872 984; x_wconf 88' lang='lat' dir='ltr'>temeritatisdeeepti,dicentes</span> <span class='ocrx_word' id='word_1_87' title='bbox 881 911 940 984; x_wconf 91' lang='lat' dir='ltr'>pri·</span> <span class='ocrx_word' id='word_1_88' title='bbox 992 911 1176 986; x_wconf 90' lang='lat' dir='ltr'>triumphum</span> <span class='ocrx_word' id='word_1_89' title='bbox 1192 915 1288 988; x_wconf 78' lang='lat' dir='ltr'>adepti</span> <span class='ocrx_word' id='word_1_90' title='bbox 1310 920 1390 973; x_wconf 91' lang='lat' dir='ltr'>sunt.</span> <span class='ocrx_word' id='word_1_91' title='bbox 1406 916 1474 975; x_wconf 86' lang='lat' dir='ltr'>Post</span> <span class='ocrx_word' id='word_1_92' title='bbox 1494 917 1738 991; x_wconf 85' lang='lat' dir='ltr'>cruentissimum</span> <span class='ocrx_word' id='word_1_93' title='bbox 1748 934 1818 980; x_wconf 80' lang='lat' dir='ltr'>vem</span> 
     </span>
     <span class='ocr_line' id='line_1_9' title="bbox 114 1000 1818 1076; baseline 0.002 -12"><span class='ocrx_word' id='word_1_94' title='bbox 114 1010 228 1064; x_wconf 91' lang='lat' dir='ltr'>matum</span> <span class='ocrx_word' id='word_1_95' title='bbox 250 1003 381 1060; x_wconf 90' lang='lat' dir='ltr'>locorum</span> <span class='ocrx_word' id='word_1_96' title='bbox 403 1001 439 1057; x_wconf 92' lang='lat' dir='ltr'>ad</span> <span class='ocrx_word' id='word_1_97' title='bbox 464 1017 495 1058; x_wconf 86' lang='lat' dir='ltr'>se</span> <span class='ocrx_word' id='word_1_98' title='bbox 519 1001 663 1074; x_wconf 89' lang='lat' dir='ltr'>pertinere</span> <span class='ocrx_word' id='word_1_99' title='bbox 683 1000 938 1064; x_wconf 87' lang='lat' dir='ltr'>debere.0uorum</span> <span class='ocrx_word' id='word_1_100' title='bbox 992 1000 1136 1072; x_wconf 78' lang='lat' dir='ltr'>praelium,</span> <span class='ocrx_word' id='word_1_101' title='bbox 1152 1018 1223 1076; x_wconf 89' lang='lat' dir='ltr'>pace</span> <span class='ocrx_word' id='word_1_102' title='bbox 1237 1003 1314 1060; x_wconf 90' lang='lat' dir='ltr'>inter</span> <span class='ocrx_word' id='word_1_103' title='bbox 1336 1020 1385 1061; x_wconf 89' lang='lat' dir='ltr'>eos</span> <span class='ocrx_word' id='word_1_104' title='bbox 1409 1003 1495 1075; x_wconf 83' lang='lat' dir='ltr'>iacta,</span> <span class='ocrx_word' id='word_1_105' title='bbox 1506 1004 1669 1064; x_wconf 88' lang='lat' dir='ltr'>diviserunt</span> <span class='ocrx_word' id='word_1_106' title='bbox 1693 1003 1818 1067; x_wconf 83' lang='lat' dir='ltr'>interae</span> 
     </span>
     <span class='ocr_line' id='line_1_10' title="bbox 114 1087 1821 1173; baseline 0.003 -21"><span class='ocrx_word' id='word_1_107' title='bbox 114 1095 355 1171; x_wconf 79' lang='lat' dir='ltr'>presumptuose</span> <span class='ocrx_word' id='word_1_108' title='bbox 368 1090 511 1163; x_wconf 81' lang='lat' dir='ltr'>superbie</span> <span class='ocrx_word' id='word_1_109' title='bbox 526 1088 679 1158; x_wconf 76' lang='lat' dir='ltr'>resistens,</span> <span class='ocrx_word' id='word_1_110' title='bbox 695 1104 747 1160; x_wconf 88' lang='lat' dir='ltr'>per</span> <span class='ocrx_word' id='word_1_111' title='bbox 766 1087 938 1161; x_wconf 89' lang='lat' dir='ltr'>descriptio·</span> <span class='ocrx_word' id='word_1_112' title='bbox 991 1088 1170 1149; x_wconf 73' lang='lat' dir='ltr'>Francorum</span> <span class='ocrx_word' id='word_1_113' title='bbox 1181 1090 1347 1165; x_wconf 89' lang='lat' dir='ltr'>imperium.</span> <span class='ocrx_word' id='word_1_114' title='bbox 1358 1094 1393 1150; x_wconf 82' lang='lat' dir='ltr'>lit</span> <span class='ocrx_word' id='word_1_115' title='bbox 1403 1093 1558 1152; x_wconf 88' lang='lat' dir='ltr'>Lotbarius</span> <span class='ocrx_word' id='word_1_116' title='bbox 1572 1095 1692 1168; x_wconf 88' lang='lat' dir='ltr'>quidem</span> <span class='ocrx_word' id='word_1_117' title='bbox 1704 1096 1821 1173; x_wconf 81' lang='lat' dir='ltr'>aceepit¹</span> 
     </span>
     <span class='ocr_line' id='line_1_11' title="bbox 114 1176 1821 1260; baseline 0.001 -17"><span class='ocrx_word' id='word_1_118' title='bbox 114 1201 180 1243; x_wconf 89' lang='lat' dir='ltr'>nem</span> <span class='ocrx_word' id='word_1_119' title='bbox 196 1181 384 1255; x_wconf 77' lang='lat' dir='ltr'>capitularem</span> <span class='ocrx_word' id='word_1_120' title='bbox 401 1196 499 1236; x_wconf 90' lang='lat' dir='ltr'>coram</span> <span class='ocrx_word' id='word_1_121' title='bbox 514 1178 691 1253; x_wconf 90' lang='lat' dir='ltr'>quibusdam</span> <span class='ocrx_word' id='word_1_122' title='bbox 703 1176 879 1251; x_wconf 89' lang='lat' dir='ltr'>primatibus</span> <span class='ocrx_word' id='word_1_123' title='bbox 892 1193 938 1234; x_wconf 90' lang='lat' dir='ltr'>re·</span> <span class='ocrx_word' id='word_1_124' title='bbox 992 1196 1115 1255; x_wconf 89' lang='lat' dir='ltr'>regnum</span> <span class='ocrx_word' id='word_1_125' title='bbox 1136 1182 1335 1238; x_wconf 82' lang='lat' dir='ltr'>Romanorum</span> <span class='ocrx_word' id='word_1_126' title='bbox 1350 1185 1380 1238; x_wconf 89' lang='lat' dir='ltr'>et</span> <span class='ocrx_word' id='word_1_127' title='bbox 1398 1186 1490 1240; x_wconf 87' lang='lat' dir='ltr'>totam</span> <span class='ocrx_word' id='word_1_128' title='bbox 1511 1181 1636 1252; x_wconf 90' lang='lat' dir='ltr'>ltaliam,</span> <span class='ocrx_word' id='word_1_129' title='bbox 1651 1189 1680 1242; x_wconf 93' lang='lat' dir='ltr'>et</span> <span class='ocrx_word' id='word_1_130' title='bbox 1702 1191 1821 1260; x_wconf 87' lang='lat' dir='ltr'>partem</span> 
     </span>
     <span class='ocr_line' id='line_1_12' title="bbox 113 1265 1817 1350; baseline 0.002 -21"><span class='ocrx_word' id='word_1_131' title='bbox 113 1274 188 1350; x_wconf 85' lang='lat' dir='ltr'>galis</span> <span class='ocrx_word' id='word_1_132' title='bbox 203 1271 302 1346; x_wconf 87' lang='lat' dir='ltr'>palatii</span> <span class='ocrx_word' id='word_1_133' title='bbox 316 1274 344 1326; x_wconf 90' lang='lat' dir='ltr'>et</span> <span class='ocrx_word' id='word_1_134' title='bbox 358 1268 448 1342; x_wconf 90' lang='lat' dir='ltr'>hujus</span> <span class='ocrx_word' id='word_1_135' title='bbox 462 1268 562 1343; x_wconf 78' lang='lat' dir='ltr'>patria</span> <span class='ocrx_word' id='word_1_136' title='bbox 574 1283 624 1325; x_wconf 91' lang='lat' dir='ltr'>eos</span> <span class='ocrx_word' id='word_1_137' title='bbox 635 1266 704 1322; x_wconf 88' lang='lat' dir='ltr'>huic</span> <span class='ocrx_word' id='word_1_138' title='bbox 720 1265 783 1324; x_wconf 91' lang='lat' dir='ltr'>loco</span> <span class='ocrx_word' id='word_1_139' title='bbox 794 1266 895 1341; x_wconf 87' lang='lat' dir='ltr'>subegi</span> <span class='ocrx_word' id='word_1_140' title='bbox 901 1270 939 1335; x_wconf 88' lang='lat' dir='ltr'>‚et</span> <span class='ocrx_word' id='word_1_141' title='bbox 991 1268 1119 1326; x_wconf 74' lang='lat' dir='ltr'>Francia</span> <span class='ocrx_word' id='word_1_142' title='bbox 1134 1269 1304 1327; x_wconf 76' lang='lat' dir='ltr'>orientalem</span> <span class='ocrx_word' id='word_1_143' title='bbox 1320 1275 1471 1344; x_wconf 90' lang='lat' dir='ltr'>totamque</span> <span class='ocrx_word' id='word_1_144' title='bbox 1485 1272 1678 1330; x_wconf 89' lang='lat' dir='ltr'>Proveutiam.</span> <span class='ocrx_word' id='word_1_145' title='bbox 1692 1273 1817 1333; x_wconf 77' lang='lat' dir='ltr'>Ludovi·</span> 
     </span>
     <span class='ocr_line' id='line_1_13' title="bbox 113 1356 1820 1434; baseline 0.001 -13"><span class='ocrx_word' id='word_1_146' title='bbox 113 1368 251 1421; x_wconf 88' lang='lat' dir='ltr'>conatum</span> <span class='ocrx_word' id='word_1_147' title='bbox 268 1376 368 1417; x_wconf 89' lang='lat' dir='ltr'>eorum</span> <span class='ocrx_word' id='word_1_148' title='bbox 380 1356 547 1414; x_wconf 89' lang='lat' dir='ltr'>annihilavi.</span> <span class='ocrx_word' id='word_1_149' title='bbox 559 1357 619 1413; x_wconf 87' lang='lat' dir='ltr'>Hoc</span> <span class='ocrx_word' id='word_1_150' title='bbox 628 1356 717 1414; x_wconf 88' lang='lat' dir='ltr'>etiam</span> <span class='ocrx_word' id='word_1_151' title='bbox 733 1356 875 1430; x_wconf 87' lang='lat' dir='ltr'>seriptum</span> <span class='ocrx_word' id='word_1_152' title='bbox 890 1372 939 1430; x_wconf 94' lang='lat' dir='ltr'>po·</span> <span class='ocrx_word' id='word_1_153' title='bbox 992 1375 1045 1414; x_wconf 89' lang='lat' dir='ltr'>ons</span> <span class='ocrx_word' id='word_1_154' title='bbox 1058 1375 1136 1425; x_wconf 89' lang='lat' dir='ltr'>vero,</span> <span class='ocrx_word' id='word_1_155' title='bbox 1158 1364 1261 1431; x_wconf 83' lang='lat' dir='ltr'>preter</span> <span class='ocrx_word' id='word_1_156' title='bbox 1283 1359 1429 1429; x_wconf 88' lang='lat' dir='ltr'>Noricam,</span> <span class='ocrx_word' id='word_1_157' title='bbox 1441 1376 1530 1434; x_wconf 89' lang='lat' dir='ltr'>quam</span> <span class='ocrx_word' id='word_1_158' title='bbox 1559 1361 1696 1432; x_wconf 90' lang='lat' dir='ltr'>babebat,</span> <span class='ocrx_word' id='word_1_159' title='bbox 1721 1362 1820 1423; x_wconf 82' lang='lat' dir='ltr'>tenuit</span> 
     </span>
     <span class='ocr_line' id='line_1_14' title="bbox 113 1445 1817 1522; baseline 0 -11"><span class='ocrx_word' id='word_1_160' title='bbox 113 1453 200 1513; x_wconf 84' lang='lat' dir='ltr'>steria</span> <span class='ocrx_word' id='word_1_161' title='bbox 215 1448 454 1522; x_wconf 88' lang='lat' dir='ltr'>relinquendum.</span> <span class='ocrx_word' id='word_1_162' title='bbox 466 1447 526 1503; x_wconf 86' lang='lat' dir='ltr'>iore</span> <span class='ocrx_word' id='word_1_163' title='bbox 547 1449 644 1503; x_wconf 88' lang='lat' dir='ltr'>ratum</span> <span class='ocrx_word' id='word_1_164' title='bbox 660 1445 739 1514; x_wconf 86' lang='lat' dir='ltr'>duxi,</span> <span class='ocrx_word' id='word_1_165' title='bbox 751 1449 785 1502; x_wconf 88' lang='lat' dir='ltr'>ut</span> <span class='ocrx_word' id='word_1_166' title='bbox 807 1461 859 1518; x_wconf 90' lang='lat' dir='ltr'>per</span> <span class='ocrx_word' id='word_1_167' title='bbox 882 1445 938 1502; x_wconf 87' lang='lat' dir='ltr'>boe</span> <span class='ocrx_word' id='word_1_168' title='bbox 992 1463 1082 1521; x_wconf 90' lang='lat' dir='ltr'>regna</span> <span class='ocrx_word' id='word_1_169' title='bbox 1098 1463 1163 1520; x_wconf 73' lang='lat' dir='ltr'>quse</span> <span class='ocrx_word' id='word_1_170' title='bbox 1178 1452 1260 1520; x_wconf 91' lang='lat' dir='ltr'>pater</span> <span class='ocrx_word' id='word_1_171' title='bbox 1274 1465 1347 1505; x_wconf 89' lang='lat' dir='ltr'>suus</span> <span class='ocrx_word' id='word_1_172' title='bbox 1362 1448 1405 1504; x_wconf 93' lang='lat' dir='ltr'>illi</span> <span class='ocrx_word' id='word_1_173' title='bbox 1420 1450 1549 1519; x_wconf 87' lang='lat' dir='ltr'>dederat,</span> <span class='ocrx_word' id='word_1_174' title='bbox 1561 1451 1590 1506; x_wconf 92' lang='lat' dir='ltr'>id</span> <span class='ocrx_word' id='word_1_175' title='bbox 1611 1454 1656 1508; x_wconf 90' lang='lat' dir='ltr'>est</span> <span class='ocrx_word' id='word_1_176' title='bbox 1677 1450 1817 1512; x_wconf 77' lang='lat' dir='ltr'>Alaman-</span> 
     </span>
     <span class='ocr_line' id='line_1_15' title="bbox 113 1534 1816 1617; baseline 0 -17"><span class='ocrx_word' id='word_1_177' title='bbox 113 1542 291 1617; x_wconf 89' lang='lat' dir='ltr'>quandoque</span> <span class='ocrx_word' id='word_1_178' title='bbox 305 1537 459 1594; x_wconf 82' lang='lat' dir='ltr'>resistatur</span> <span class='ocrx_word' id='word_1_179' title='bbox 477 1535 664 1591; x_wconf 91' lang='lat' dir='ltr'>inimicorum</span> <span class='ocrx_word' id='word_1_180' title='bbox 685 1534 769 1591; x_wconf 81' lang='lat' dir='ltr'>male</span> <span class='ocrx_word' id='word_1_181' title='bbox 782 1534 936 1604; x_wconf 88' lang='lat' dir='ltr'>voluntati,</span> <span class='ocrx_word' id='word_1_182' title='bbox 991 1535 1082 1601; x_wconf 83' lang='lat' dir='ltr'>niam,</span> <span class='ocrx_word' id='word_1_183' title='bbox 1093 1535 1275 1610; x_wconf 81' lang='lat' dir='ltr'>Turingiam,</span> <span class='ocrx_word' id='word_1_184' title='bbox 1292 1538 1486 1609; x_wconf 72' lang='lat' dir='ltr'>austrasiam,</span> <span class='ocrx_word' id='word_1_185' title='bbox 1498 1539 1654 1597; x_wconf 87' lang='lat' dir='ltr'>Saxoniam</span> <span class='ocrx_word' id='word_1_186' title='bbox 1668 1545 1697 1598; x_wconf 88' lang='lat' dir='ltr'>et</span> <span class='ocrx_word' id='word_1_187' title='bbox 1709 1543 1816 1601; x_wconf 81' lang='lat' dir='ltr'>Avare-</span> 
     </span>
     <span class='ocr_line' id='line_1_16' title="bbox 113 1624 1821 1701; baseline 0.001 -12"><span class='ocrx_word' id='word_1_188' title='bbox 113 1637 142 1690; x_wconf 90' lang='lat' dir='ltr'>et</span> <span class='ocrx_word' id='word_1_189' title='bbox 155 1632 211 1687; x_wconf 91' lang='lat' dir='ltr'>boc</span> <span class='ocrx_word' id='word_1_190' title='bbox 226 1628 385 1699; x_wconf 78' lang='lat' dir='ltr'>iufringere</span> <span class='ocrx_word' id='word_1_191' title='bbox 403 1624 562 1680; x_wconf 88' lang='lat' dir='ltr'>volentium</span> <span class='ocrx_word' id='word_1_192' title='bbox 587 1624 689 1697; x_wconf 89' lang='lat' dir='ltr'>iniquo</span> <span class='ocrx_word' id='word_1_193' title='bbox 713 1624 840 1680; x_wconf 90' lang='lat' dir='ltr'>conatui.</span> <span class='ocrx_word' id='word_1_194' title='bbox 854 1625 936 1692; x_wconf 75' lang='lat' dir='ltr'>Quod</span> <span class='ocrx_word' id='word_1_195' title='bbox 991 1640 1068 1695; x_wconf 92' lang='lat' dir='ltr'>rum,</span> <span class='ocrx_word' id='word_1_196' title='bbox 1081 1625 1109 1681; x_wconf 93' lang='lat' dir='ltr'>id</span> <span class='ocrx_word' id='word_1_197' title='bbox 1126 1630 1171 1681; x_wconf 89' lang='lat' dir='ltr'>est</span> <span class='ocrx_word' id='word_1_198' title='bbox 1192 1627 1363 1682; x_wconf 78' lang='lat' dir='ltr'>Hunnorum</span> <span class='ocrx_word' id='word_1_199' title='bbox 1383 1627 1649 1701; x_wconf 68' lang='lat' dir='ltr'>regnamundus</span> <span class='ocrx_word' id='word_1_200' title='bbox 1667 1626 1734 1688; x_wconf 81' lang='lat' dir='ltr'>varo&#39;</span> <span class='ocrx_word' id='word_1_201' title='bbox 1758 1648 1821 1692; x_wconf 74' lang='lat' dir='ltr'>mos</span> 
     </span>
     <span class='ocr_line' id='line_1_17' title="bbox 112 1710 1817 1812; baseline 0 -35"><span class='ocrx_word' id='word_1_202' title='bbox 112 1721 282 1795; x_wconf 89' lang='lat' dir='ltr'>quicunque</span> <span class='ocrx_word' id='word_1_203' title='bbox 305 1713 412 1771; x_wconf 88' lang='lat' dir='ltr'>tuturis</span> <span class='ocrx_word' id='word_1_204' title='bbox 438 1713 619 1786; x_wconf 89' lang='lat' dir='ltr'>temporibus</span> <span class='ocrx_word' id='word_1_205' title='bbox 633 1712 678 1769; x_wconf 90' lang='lat' dir='ltr'>vel</span> <span class='ocrx_word' id='word_1_206' title='bbox 702 1710 876 1782; x_wconf 88' lang='lat' dir='ltr'>annihilare,</span> <span class='ocrx_word' id='word_1_207' title='bbox 892 1712 937 1770; x_wconf 88' lang='lat' dir='ltr'>vel</span> <span class='ocrx_word' id='word_1_208' title='bbox 951 1745 977 1812; x_wconf 72' lang='lat' dir='ltr'>B</span> <span class='ocrx_word' id='word_1_209' title='bbox 991 1713 1131 1770; x_wconf 88' lang='lat' dir='ltr'>dietatem</span> <span class='ocrx_word' id='word_1_210' title='bbox 1141 1714 1267 1770; x_wconf 81' lang='lat' dir='ltr'>Francia</span> <span class='ocrx_word' id='word_1_211' title='bbox 1277 1715 1314 1771; x_wconf 89' lang='lat' dir='ltr'>ab</span> <span class='ocrx_word' id='word_1_212' title='bbox 1324 1715 1488 1786; x_wconf 87' lang='lat' dir='ltr'>Occidente,</span> <span class='ocrx_word' id='word_1_213' title='bbox 1498 1721 1627 1775; x_wconf 90' lang='lat' dir='ltr'>ettotam</span> <span class='ocrx_word' id='word_1_214' title='bbox 1637 1718 1817 1797; x_wconf 64' lang='lat' dir='ltr'>Mestrium,</span> 
     </span>
     <span class='ocr_line' id='line_1_18' title="bbox 111 1801 1814 1881; baseline 0 -14"><span class='ocrx_word' id='word_1_215' title='bbox 111 1809 269 1881; x_wconf 83' lang='lat' dir='ltr'>intringere</span> <span class='ocrx_word' id='word_1_216' title='bbox 280 1803 507 1878; x_wconf 72' lang='lat' dir='ltr'>presumpserit,</span> <span class='ocrx_word' id='word_1_217' title='bbox 514 1802 590 1874; x_wconf 89' lang='lat' dir='ltr'>quod</span> <span class='ocrx_word' id='word_1_218' title='bbox 607 1801 693 1865; x_wconf 88' lang='lat' dir='ltr'>absit,</span> <span class='ocrx_word' id='word_1_219' title='bbox 704 1801 877 1857; x_wconf 87' lang='lat' dir='ltr'>auctoritate</span> <span class='ocrx_word' id='word_1_220' title='bbox 886 1802 938 1858; x_wconf 92' lang='lat' dir='ltr'>Pa·</span> <span class='ocrx_word' id='word_1_221' title='bbox 990 1802 1170 1859; x_wconf 85' lang='lat' dir='ltr'>Britanniam</span> <span class='ocrx_word' id='word_1_222' title='bbox 1186 1807 1215 1859; x_wconf 88' lang='lat' dir='ltr'>et</span> <span class='ocrx_word' id='word_1_223' title='bbox 1230 1804 1389 1860; x_wconf 85' lang='lat' dir='ltr'>maximam</span> <span class='ocrx_word' id='word_1_224' title='bbox 1413 1810 1526 1878; x_wconf 91' lang='lat' dir='ltr'>partam</span> <span class='ocrx_word' id='word_1_225' title='bbox 1549 1807 1736 1881; x_wconf 75' lang='lat' dir='ltr'>burgundie,</span> <span class='ocrx_word' id='word_1_226' title='bbox 1757 1813 1814 1867; x_wconf 79' lang='lat' dir='ltr'>do·</span> 
     </span>
     <span class='ocr_line' id='line_1_19' title="bbox 111 1887 1816 1972; baseline -0.001 -15"><span class='ocrx_word' id='word_1_227' title='bbox 111 1899 176 1967; x_wconf 88' lang='lat' dir='ltr'>tris,</span> <span class='ocrx_word' id='word_1_228' title='bbox 190 1901 219 1953; x_wconf 89' lang='lat' dir='ltr'>et</span> <span class='ocrx_word' id='word_1_229' title='bbox 233 1894 308 1959; x_wconf 79' lang='lat' dir='ltr'>Filii,</span> <span class='ocrx_word' id='word_1_230' title='bbox 323 1896 352 1947; x_wconf 91' lang='lat' dir='ltr'>et</span> <span class='ocrx_word' id='word_1_231' title='bbox 365 1890 492 1962; x_wconf 82' lang='lat' dir='ltr'>Spiritus</span> <span class='ocrx_word' id='word_1_232' title='bbox 516 1888 610 1945; x_wconf 88' lang='lat' dir='ltr'>sancti</span> <span class='ocrx_word' id='word_1_233' title='bbox 634 1888 791 1945; x_wconf 91' lang='lat' dir='ltr'>anathema</span> <span class='ocrx_word' id='word_1_234' title='bbox 814 1887 861 1956; x_wconf 87' lang='lat' dir='ltr'>sit,</span> <span class='ocrx_word' id='word_1_235' title='bbox 878 1889 936 1946; x_wconf 88' lang='lat' dir='ltr'>nisi</span> <span class='ocrx_word' id='word_1_236' title='bbox 990 1891 1072 1960; x_wconf 76' lang='lat' dir='ltr'>dam,</span> <span class='ocrx_word' id='word_1_237' title='bbox 1084 1891 1283 1961; x_wconf 91' lang='lat' dir='ltr'>Wasconiam,</span> <span class='ocrx_word' id='word_1_238' title='bbox 1294 1893 1494 1964; x_wconf 78' lang='lat' dir='ltr'>Aquitaniam,</span> <span class='ocrx_word' id='word_1_239' title='bbox 1505 1895 1642 1953; x_wconf 88' lang='lat' dir='ltr'>submoto</span> <span class='ocrx_word' id='word_1_240' title='bbox 1656 1899 1735 1955; x_wconf 87' lang='lat' dir='ltr'>unde</span> <span class='ocrx_word' id='word_1_241' title='bbox 1749 1898 1816 1972; x_wconf 85' lang='lat' dir='ltr'>Pip-</span> 
     </span>
     <span class='ocr_line' id='line_1_20' title="bbox 111 1977 1816 2063; baseline 0.001 -20"><span class='ocrx_word' id='word_1_242' title='bbox 111 1988 201 2060; x_wconf 89' lang='lat' dir='ltr'>digna</span> <span class='ocrx_word' id='word_1_243' title='bbox 216 1980 386 2056; x_wconf 74' lang='lat' dir='ltr'>peonitentia</span> <span class='ocrx_word' id='word_1_244' title='bbox 401 1978 563 2050; x_wconf 86' lang='lat' dir='ltr'>resipuerit.</span> <span class='ocrx_word' id='word_1_245' title='bbox 573 1979 676 2034; x_wconf 79' lang='lat' dir='ltr'>Actum</span> <span class='ocrx_word' id='word_1_246' title='bbox 692 1982 737 2034; x_wconf 88' lang='lat' dir='ltr'>est</span> <span class='ocrx_word' id='word_1_247' title='bbox 752 1993 828 2034; x_wconf 91' lang='lat' dir='ltr'>anno</span> <span class='ocrx_word' id='word_1_248' title='bbox 840 1977 935 2034; x_wconf 88' lang='lat' dir='ltr'>incar·</span> <span class='ocrx_word' id='word_1_249' title='bbox 989 1977 1139 2063; x_wconf 37' lang='lat' dir='ltr'>pino,¹iilio</span> <span class='ocrx_word' id='word_1_250' title='bbox 1155 1978 1315 2052; x_wconf 90' lang='lat' dir='ltr'>Pippini,ot</span> <span class='ocrx_word' id='word_1_251' title='bbox 1329 1981 1359 2035; x_wconf 90' lang='lat' dir='ltr'>in</span> <span class='ocrx_word' id='word_1_252' title='bbox 1375 1982 1552 2040; x_wconf 87' lang='lat' dir='ltr'>monasterio</span> <span class='ocrx_word' id='word_1_253' title='bbox 1567 1982 1661 2041; x_wconf 89' lang='lat' dir='ltr'>sancti</span> <span class='ocrx_word' id='word_1_254' title='bbox 1684 1982 1816 2045; x_wconf 79' lang='lat' dir='ltr'>Medendi</span> 
     </span>
     <span class='ocr_line' id='line_1_21' title="bbox 111 2067 1816 2142; baseline 0.001 -10"><span class='ocrx_word' id='word_1_255' title='bbox 111 2073 239 2132; x_wconf 85' lang='lat' dir='ltr'>nationis</span> <span class='ocrx_word' id='word_1_256' title='bbox 249 2069 406 2127; x_wconf 79' lang='lat' dir='ltr'>Dominicoe</span> <span class='ocrx_word' id='word_1_257' title='bbox 417 2067 659 2141; x_wconf 87' lang='lat' dir='ltr'>octingentesimo</span> <span class='ocrx_word' id='word_1_258' title='bbox 673 2067 835 2140; x_wconf 88' lang='lat' dir='ltr'>trigesimo,</span> <span class='ocrx_word' id='word_1_259' title='bbox 847 2084 934 2136; x_wconf 91' lang='lat' dir='ltr'>nono,</span> <span class='ocrx_word' id='word_1_260' title='bbox 990 2072 1119 2138; x_wconf 87' lang='lat' dir='ltr'>attonso;</span> <span class='ocrx_word' id='word_1_261' title='bbox 1136 2069 1193 2125; x_wconf 89' lang='lat' dir='ltr'>ista</span> <span class='ocrx_word' id='word_1_262' title='bbox 1207 2072 1305 2124; x_wconf 88' lang='lat' dir='ltr'>autom</span> <span class='ocrx_word' id='word_1_263' title='bbox 1327 2069 1579 2142; x_wconf 81' lang='lat' dir='ltr'>periculosissima</span> <span class='ocrx_word' id='word_1_264' title='bbox 1591 2072 1739 2135; x_wconf 87' lang='lat' dir='ltr'>discordia</span> <span class='ocrx_word' id='word_1_265' title='bbox 1751 2076 1816 2134; x_wconf 84' lang='lat' dir='ltr'>sins</span> 
     </span>
     <span class='ocr_line' id='line_1_22' title="bbox 110 2155 1647 2234; baseline -0.003 -12"><span class='ocrx_word' id='word_1_266' title='bbox 110 2162 267 2222; x_wconf 90' lang='lat' dir='ltr'>ladiotione</span> <span class='ocrx_word' id='word_1_267' title='bbox 282 2157 427 2225; x_wconf 90' lang='lat' dir='ltr'>secunda;</span> <span class='ocrx_word' id='word_1_268' title='bbox 444 2155 560 2229; x_wconf 89' lang='lat' dir='ltr'>imperii</span> <span class='ocrx_word' id='word_1_269' title='bbox 584 2159 681 2212; x_wconf 86' lang='lat' dir='ltr'>autem</span> <span class='ocrx_word' id='word_1_270' title='bbox 707 2155 842 2212; x_wconf 85' lang='lat' dir='ltr'>Ludovici</span> <span class='ocrx_word' id='word_1_271' title='bbox 858 2155 936 2230; x_wconf 87' lang='lat' dir='ltr'>regis</span> <span class='ocrx_word' id='word_1_272' title='bbox 989 2156 1089 2231; x_wconf 88' lang='lat' dir='ltr'>requie</span> <span class='ocrx_word' id='word_1_273' title='bbox 1105 2157 1298 2231; x_wconf 88' lang='lat' dir='ltr'>quinquennii</span> <span class='ocrx_word' id='word_1_274' title='bbox 1314 2164 1506 2231; x_wconf 88' lang='lat' dir='ltr'>occupaverat</span> <span class='ocrx_word' id='word_1_275' title='bbox 1520 2164 1647 2234; x_wconf 86' lang='lat' dir='ltr'>tempos.</span> 
     </span>
     <span class='ocr_line' id='line_1_23' title="bbox 111 2244 1751 2327; baseline 0.002 -4"><span class='ocrx_word' id='word_1_276' title='bbox 111 2269 188 2310; x_wconf 63' lang='grc' dir='ltr'>ΜΟ</span> <span class='ocrx_word' id='word_1_277' title='bbox 210 2249 353 2323; x_wconf 62' lang='lat' dir='ltr'>Viti⁰⁸im⁰</span> <span class='ocrx_word' id='word_1_278' title='bbox 382 2249 473 2313; x_wconf 65' lang='lat'>⁸01202</span> <span class='ocrx_word' id='word_1_279' title='bbox 496 2244 670 2318; x_wconf 62' lang='lat' dir='ltr'>Piaeffillttus</span> <span class='ocrx_word' id='word_1_280' title='bbox 699 2260 816 2318; x_wconf 71' lang='lat' dir='ltr'>‘1¹¹⁰(lue</span> <span class='ocrx_word' id='word_1_281' title='bbox 843 2244 936 2302; x_wconf 63' lang='lat' dir='ltr'>¹¹⁰Sffl</span> <span class='ocrx_word' id='word_1_282' title='bbox 1051 2265 1112 2321; x_wconf 93' lang='lat' dir='ltr'>Vll.</span> <span class='ocrx_word' id='word_1_283' title='bbox 1128 2265 1166 2322; x_wconf 84' lang='lat' dir='ltr'>lte</span> <span class='ocrx_word' id='word_1_284' title='bbox 1180 2265 1751 2327; x_wconf 69' lang='lat' dir='ltr'>transtationesanctitudornorideor&#39;llo</span> 
     </span>
     <span class='ocr_line' id='line_1_24' title="bbox 111 2333 1490 2413; baseline -0.005 -13"><span class='ocrx_word' id='word_1_285' title='bbox 111 2358 187 2400; x_wconf 90' lang='lat' dir='ltr'>anno</span> <span class='ocrx_word' id='word_1_286' title='bbox 202 2339 340 2396; x_wconf 84' lang='lat' dir='ltr'>vicesimo</span> <span class='ocrx_word' id='word_1_287' title='bbox 353 2336 437 2393; x_wconf 87' lang='lat' dir='ltr'>tertio</span> <span class='ocrx_word' id='word_1_288' title='bbox 448 2334 515 2408; x_wconf 85' lang='grc'>(77),</span> <span class='ocrx_word' id='word_1_289' title='bbox 527 2334 556 2391; x_wconf 93' lang='lat' dir='ltr'>in</span> <span class='ocrx_word' id='word_1_290' title='bbox 568 2333 690 2391; x_wconf 86' lang='lat' dir='ltr'>ecclesio</span> <span class='ocrx_word' id='word_1_291' title='bbox 704 2338 811 2390; x_wconf 84' lang='lat' dir='ltr'>sancta</span> <span class='ocrx_word' id='word_1_292' title='bbox 826 2333 934 2404; x_wconf 79' lang='lat' dir='ltr'>liaris,</span> <span class='ocrx_word' id='word_1_293' title='bbox 1313 2336 1490 2413; x_wconf 67' lang='lat' dir='ltr'>tipesborct.</span> 
     </span>
     <span class='ocr_line' id='line_1_25' title="bbox 110 2418 1816 2503; baseline -0.001 -14"><span class='ocrx_word' id='word_1_294' title='bbox 110 2428 285 2489; x_wconf 89' lang='lat' dir='ltr'>duodecimo</span> <span class='ocrx_word' id='word_1_295' title='bbox 300 2424 445 2483; x_wconf 84' lang='lat' dir='ltr'>Kalendas</span> <span class='ocrx_word' id='word_1_296' title='bbox 462 2423 544 2490; x_wconf 80' lang='lat' dir='ltr'>tulii,</span> <span class='ocrx_word' id='word_1_297' title='bbox 561 2425 702 2497; x_wconf 79' lang='lat' dir='ltr'>presente</span> <span class='ocrx_word' id='word_1_298' title='bbox 716 2421 873 2480; x_wconf 88' lang='lat' dir='ltr'>universali</span> <span class='ocrx_word' id='word_1_299' title='bbox 888 2440 935 2496; x_wconf 81' lang='lat' dir='ltr'>sy·</span> <span class='ocrx_word' id='word_1_300' title='bbox 1025 2426 1084 2482; x_wconf 90' lang='lat' dir='ltr'>Sub</span> <span class='ocrx_word' id='word_1_301' title='bbox 1098 2425 1153 2482; x_wconf 89' lang='lat' dir='ltr'>beo</span> <span class='ocrx_word' id='word_1_302' title='bbox 1171 2427 1345 2498; x_wconf 85' lang='lat' dir='ltr'>tempestate</span> <span class='ocrx_word' id='word_1_303' title='bbox 1360 2418 1527 2483; x_wconf 79' lang='lat' dir='ltr'>invenimus</span> <span class='ocrx_word' id='word_1_304' title='bbox 1537 2424 1769 2503; x_wconf 77' lang='lat' dir='ltr'>ltaannotatum</span> <span class='ocrx_word' id='word_1_305' title='bbox 1784 2429 1816 2488; x_wconf 91' lang='lat' dir='ltr'>in</span> 
     </span>
     <span class='ocr_line' id='line_1_26' title="bbox 109 2511 1815 2591; baseline -0.001 -14"><span class='ocrx_word' id='word_1_306' title='bbox 109 2519 197 2577; x_wconf 91' lang='lat' dir='ltr'>nodo.</span> <span class='ocrx_word' id='word_1_307' title='bbox 214 2518 273 2591; x_wconf 82' lang='lat' dir='ltr'>Ego</span> <span class='ocrx_word' id='word_1_308' title='bbox 288 2514 449 2587; x_wconf 81' lang='lat' dir='ltr'>Folquinus</span> <span class='ocrx_word' id='word_1_309' title='bbox 470 2529 505 2570; x_wconf 86' lang='lat' dir='ltr'>ex</span> <span class='ocrx_word' id='word_1_310' title='bbox 523 2529 669 2569; x_wconf 88' lang='lat' dir='ltr'>consensu</span> <span class='ocrx_word' id='word_1_311' title='bbox 683 2515 713 2569; x_wconf 88' lang='lat' dir='ltr'>et</span> <span class='ocrx_word' id='word_1_312' title='bbox 726 2515 869 2585; x_wconf 81' lang='lat' dir='ltr'>precepto</span> <span class='ocrx_word' id='word_1_313' title='bbox 884 2511 935 2568; x_wconf 93' lang='lat' dir='ltr'>do·</span> <span class='ocrx_word' id='word_1_314' title='bbox 989 2514 1279 2572; x_wconf 75' lang='lat' dir='ltr'>decennovenalibus</span> <span class='ocrx_word' id='word_1_315' title='bbox 1303 2530 1447 2570; x_wconf 90' lang='lat' dir='ltr'>annorum</span> <span class='ocrx_word' id='word_1_316' title='bbox 1472 2513 1815 2588; x_wconf 70' lang='lat' dir='ltr'>oomlnreensttvttrsr,</span> 
     </span>
     <span class='ocr_line' id='line_1_27' title="bbox 109 2600 1816 2677; baseline -0.001 -11"><span class='ocrx_word' id='word_1_317' title='bbox 109 2608 183 2666; x_wconf 88' lang='lat' dir='ltr'>mini</span> <span class='ocrx_word' id='word_1_318' title='bbox 198 2604 334 2664; x_wconf 87' lang='lat' dir='ltr'>Lucovici</span> <span class='ocrx_word' id='word_1_319' title='bbox 349 2600 535 2676; x_wconf 86' lang='lat' dir='ltr'>imperatoris</span> <span class='ocrx_word' id='word_1_320' title='bbox 553 2600 614 2658; x_wconf 82' lang='lat' dir='ltr'>baec</span> <span class='ocrx_word' id='word_1_321' title='bbox 632 2600 795 2657; x_wconf 85' lang='lat' dir='ltr'>voluntarie</span> <span class='ocrx_word' id='word_1_322' title='bbox 809 2600 935 2671; x_wconf 86' lang='lat' dir='ltr'>firmavi,</span> <span class='ocrx_word' id='word_1_323' title='bbox 989 2604 1068 2677; x_wconf 92' lang='lat' dir='ltr'>qood</span> <span class='ocrx_word' id='word_1_324' title='bbox 1082 2608 1127 2661; x_wconf 88' lang='lat' dir='ltr'>est</span> <span class='ocrx_word' id='word_1_325' title='bbox 1148 2619 1297 2671; x_wconf 82' lang='lat' dir='ltr'>ococxcm,</span> <span class='ocrx_word' id='word_1_326' title='bbox 1313 2602 1472 2660; x_wconf 84' lang='lat' dir='ltr'>indictione</span> <span class='ocrx_word' id='word_1_327' title='bbox 1486 2603 1525 2672; x_wconf 90' lang='lat' dir='ltr'>vr&#39;,</span> <span class='ocrx_word' id='word_1_328' title='bbox 1541 2602 1635 2662; x_wconf 82' lang='lat' dir='ltr'>sancti</span> <span class='ocrx_word' id='word_1_329' title='bbox 1655 2604 1816 2664; x_wconf 69' lang='lat' dir='ltr'>audomari</span> 
     </span>
     <span class='ocr_line' id='line_1_28' title="bbox 107 2672 1814 2768; baseline -0.001 -12"><span class='ocrx_word' id='word_1_330' title='bbox 107 2703 138 2756; x_wconf 89' lang='lat' dir='ltr'>ct</span> <span class='ocrx_word' id='word_1_331' title='bbox 162 2713 231 2755; x_wconf 91' lang='lat' dir='ltr'>cum</span> <span class='ocrx_word' id='word_1_332' title='bbox 256 2690 414 2768; x_wconf 88' lang='lat' dir='ltr'>episcopali</span> <span class='ocrx_word' id='word_1_333' title='bbox 440 2689 679 2747; x_wconf 85' lang='lat' dir='ltr'>interminatione</span> <span class='ocrx_word' id='word_1_334' title='bbox 708 2688 860 2763; x_wconf 86' lang='lat' dir='ltr'>suscripsi.</span> <span class='ocrx_word' id='word_1_335' title='bbox 875 2690 935 2764; x_wconf 74' lang='lat' dir='ltr'>Ego</span> <span class='ocrx_word' id='word_1_336' title='bbox 989 2704 1095 2767; x_wconf 89' lang='lat' dir='ltr'>corpus</span> <span class='ocrx_word' id='word_1_337' title='bbox 1110 2693 1146 2749; x_wconf 94' lang='lat' dir='ltr'>de</span> <span class='ocrx_word' id='word_1_338' title='bbox 1159 2691 1228 2748; x_wconf 89' lang='lat' dir='ltr'>villa</span> <span class='ocrx_word' id='word_1_339' title='bbox 1239 2690 1433 2765; x_wconf 86' lang='lat' dir='ltr'>Liegesburcb</span> <span class='ocrx_word' id='word_1_340' title='bbox 1449 2693 1575 2751; x_wconf 81' lang='lat' dir='ltr'>retertur</span> <span class='ocrx_word' id='word_1_341' title='bbox 1597 2694 1633 2750; x_wconf 90' lang='lat' dir='ltr'>ad</span> <span class='ocrx_word' id='word_1_342' title='bbox 1653 2672 1755 2753; x_wconf 83' lang='lat' dir='ltr'>iocum</span> <span class='ocrx_word' id='word_1_343' title='bbox 1769 2694 1814 2754; x_wconf 90' lang='lat' dir='ltr'>Si-</span> 
     </span>
     <span class='ocr_line' id='line_1_29' title="bbox 108 2779 1815 2854; baseline 0 -10"><span class='ocrx_word' id='word_1_344' title='bbox 108 2786 255 2844; x_wconf 76' lang='lat' dir='ltr'>Maximus</span> <span class='ocrx_word' id='word_1_345' title='bbox 265 2782 491 2840; x_wconf 85' lang='lat' dir='ltr'>archidiaconus</span> <span class='ocrx_word' id='word_1_346' title='bbox 501 2779 674 2852; x_wconf 87' lang='lat' dir='ltr'>subscripsi.</span> <span class='ocrx_word' id='word_1_347' title='bbox 684 2780 833 2853; x_wconf 84' lang='lat' dir='ltr'>ligoilugo</span> <span class='ocrx_word' id='word_1_348' title='bbox 843 2779 935 2836; x_wconf 87' lang='lat' dir='ltr'>abbas</span> <span class='ocrx_word' id='word_1_349' title='bbox 988 2786 1063 2839; x_wconf 89' lang='lat' dir='ltr'>tum.</span> <span class='ocrx_word' id='word_1_350' title='bbox 1078 2779 1312 2854; x_wconf 80' lang='lat' dir='ltr'>solemnitasque</span> <span class='ocrx_word' id='word_1_351' title='bbox 1331 2780 1411 2837; x_wconf 92' lang='lat' dir='ltr'>illius</span> <span class='ocrx_word' id='word_1_352' title='bbox 1434 2780 1636 2841; x_wconf 84' lang='lat' dir='ltr'>translationis</span> <span class='ocrx_word' id='word_1_353' title='bbox 1658 2782 1690 2840; x_wconf 92' lang='lat' dir='ltr'>in</span> <span class='ocrx_word' id='word_1_354' title='bbox 1714 2799 1815 2844; x_wconf 83' lang='lat' dir='ltr'>mense</span> 
     </span>
     <span class='ocr_line' id='line_1_30' title="bbox 107 2867 1818 2949; baseline -0.002 -14"><span class='ocrx_word' id='word_1_355' title='bbox 107 2874 281 2949; x_wconf 85' lang='lat' dir='ltr'>subscripsi.</span> <span class='ocrx_word' id='word_1_356' title='bbox 307 2872 430 2944; x_wconf 82' lang='lat' dir='ltr'>Signum</span> <span class='ocrx_word' id='word_1_357' title='bbox 464 2867 601 2925; x_wconf 86' lang='lat' dir='ltr'>Adolardi</span> <span class='ocrx_word' id='word_1_358' title='bbox 638 2868 785 2925; x_wconf 89' lang='lat' dir='ltr'>monachi.</span> <span class='ocrx_word' id='word_1_359' title='bbox 810 2868 934 2942; x_wconf 87' lang='lat' dir='ltr'>Signum</span> <span class='ocrx_word' id='word_1_360' title='bbox 987 2871 1076 2929; x_wconf 83' lang='lat' dir='ltr'>Junio</span> <span class='ocrx_word' id='word_1_361' title='bbox 1091 2871 1192 2926; x_wconf 89' lang='lat' dir='ltr'>devoto</span> <span class='ocrx_word' id='word_1_362' title='bbox 1207 2886 1224 2925; x_wconf 92' lang='lat' dir='ltr'>a</span> <span class='ocrx_word' id='word_1_363' title='bbox 1239 2869 1346 2942; x_wconf 91' lang='lat' dir='ltr'>populo</span> <span class='ocrx_word' id='word_1_364' title='bbox 1366 2868 1531 2929; x_wconf 83' lang='lat' dir='ltr'>celebratur</span> <span class='ocrx_word' id='word_1_365' title='bbox 1547 2870 1746 2942; x_wconf 76' lang='lat' dir='ltr'>&#39;taruennico3</span> <span class='ocrx_word' id='word_1_366' title='bbox 1762 2872 1818 2933; x_wconf 83' lang='lat' dir='ltr'>sed</span> 
     </span>
     <span class='ocr_line' id='line_1_31' title="bbox 106 2955 1816 3035; baseline -0.001 -12"><span class='ocrx_word' id='word_1_367' title='bbox 106 2964 267 3023; x_wconf 79' lang='lat' dir='ltr'>Amalberti</span> <span class='ocrx_word' id='word_1_368' title='bbox 293 2958 440 3017; x_wconf 90' lang='lat' dir='ltr'>monachi.</span> <span class='ocrx_word' id='word_1_369' title='bbox 460 2957 584 3032; x_wconf 83' lang='lat' dir='ltr'>Signum</span> <span class='ocrx_word' id='word_1_370' title='bbox 609 2957 681 3014; x_wconf 82' lang='lat' dir='ltr'>litori</span> <span class='ocrx_word' id='word_1_371' title='bbox 707 2958 762 3030; x_wconf 88' lang='grc'>(78)</span> <span class='ocrx_word' id='word_1_372' title='bbox 786 2955 933 3014; x_wconf 88' lang='lat' dir='ltr'>monaehi.</span> <span class='ocrx_word' id='word_1_373' title='bbox 988 2959 1121 3034; x_wconf 88' lang='lat' dir='ltr'>plerique</span> <span class='ocrx_word' id='word_1_374' title='bbox 1134 2958 1484 3033; x_wconf 84' lang='lat' dir='ltr'>ignorantevulgaribus</span> <span class='ocrx_word' id='word_1_375' title='bbox 1506 2962 1633 3035; x_wconf 80' lang='lat' dir='ltr'>proquo</span> <span class='ocrx_word' id='word_1_376' title='bbox 1652 2976 1684 3018; x_wconf 87' lang='lat' dir='ltr'>re</span> <span class='ocrx_word' id='word_1_377' title='bbox 1704 2962 1816 3021; x_wconf 84' lang='lat' dir='ltr'>statuta</span> 
     </span>
     <span class='ocr_line' id='line_1_32' title="bbox 107 3045 1819 3129; baseline -0.002 -17"><span class='ocrx_word' id='word_1_378' title='bbox 107 3055 233 3129; x_wconf 77' lang='lat' dir='ltr'>Signum</span> <span class='ocrx_word' id='word_1_379' title='bbox 247 3050 362 3109; x_wconf 80' lang='lat' dir='ltr'>ilenrici</span> <span class='ocrx_word' id='word_1_380' title='bbox 373 3049 423 3122; x_wconf 87' lang='lat' dir='ltr'>[ot.</span> <span class='ocrx_word' id='word_1_381' title='bbox 435 3046 545 3122; x_wconf 89' lang='lat' dir='ltr'>Unrici]</span> <span class='ocrx_word' id='word_1_382' title='bbox 562 3047 687 3103; x_wconf 87' lang='lat' dir='ltr'>comitis.</span> <span class='ocrx_word' id='word_1_383' title='bbox 695 3046 818 3120; x_wconf 87' lang='lat' dir='ltr'>Signum</span> <span class='ocrx_word' id='word_1_384' title='bbox 829 3045 934 3120; x_wconf 88' lang='lat' dir='ltr'>Odgiui</span> <span class='ocrx_word' id='word_1_385' title='bbox 989 3049 1073 3106; x_wconf 84' lang='lat' dir='ltr'>sitin</span> <span class='ocrx_word' id='word_1_386' title='bbox 1089 3045 1236 3121; x_wconf 90' lang='lat' dir='ltr'>primitus.</span> <span class='ocrx_word' id='word_1_387' title='bbox 1248 3047 1374 3120; x_wconf 82' lang='lat' dir='ltr'>AEquum</span> <span class='ocrx_word' id='word_1_388' title='bbox 1389 3051 1488 3105; x_wconf 90' lang='lat' dir='ltr'>autem</span> <span class='ocrx_word' id='word_1_389' title='bbox 1504 3048 1630 3107; x_wconf 89' lang='lat' dir='ltr'>arbitror</span> <span class='ocrx_word' id='word_1_390' title='bbox 1643 3063 1709 3108; x_wconf 88' lang='lat' dir='ltr'>esse</span> <span class='ocrx_word' id='word_1_391' title='bbox 1723 3053 1752 3108; x_wconf 84' lang='lat' dir='ltr'>et</span> <span class='ocrx_word' id='word_1_392' title='bbox 1766 3050 1819 3108; x_wconf 71' lang='lat' dir='ltr'>lie·-</span> 
     </span>
     <span class='ocr_line' id='line_1_33' title="bbox 107 3112 1816 3213; baseline -0.002 -12"><span class='ocrx_word' id='word_1_393' title='bbox 107 3142 250 3202; x_wconf 83' lang='lat' dir='ltr'>adcocati.</span> <span class='ocrx_word' id='word_1_394' title='bbox 268 3141 392 3213; x_wconf 85' lang='lat' dir='ltr'>Signum</span> <span class='ocrx_word' id='word_1_395' title='bbox 416 3135 560 3194; x_wconf 78' lang='lat' dir='ltr'>liverwini</span> <span class='ocrx_word' id='word_1_396' title='bbox 583 3135 697 3192; x_wconf 92' lang='lat' dir='ltr'>militis.</span> <span class='ocrx_word' id='word_1_397' title='bbox 709 3135 832 3207; x_wconf 85' lang='lat' dir='ltr'>Signum</span> <span class='ocrx_word' id='word_1_398' title='bbox 847 3112 972 3192; x_wconf 78' lang='lat' dir='ltr'>sera-C</span> <span class='ocrx_word' id='word_1_399' title='bbox 989 3138 1082 3195; x_wconf 78' lang='lat' dir='ltr'>olesite</span> <span class='ocrx_word' id='word_1_400' title='bbox 1098 3136 1259 3210; x_wconf 88' lang='lat' dir='ltr'>provenire,</span> <span class='ocrx_word' id='word_1_401' title='bbox 1268 3135 1293 3192; x_wconf 91' lang='lat' dir='ltr'>si</span> <span class='ocrx_word' id='word_1_402' title='bbox 1305 3152 1410 3193; x_wconf 86' lang='lat' dir='ltr'>causas</span> <span class='ocrx_word' id='word_1_403' title='bbox 1423 3134 1700 3196; x_wconf 88' lang='lat' dir='ltr'>illiussolamuitatis</span> <span class='ocrx_word' id='word_1_404' title='bbox 1715 3138 1745 3196; x_wconf 90' lang='lat' dir='ltr'>ln</span> <span class='ocrx_word' id='word_1_405' title='bbox 1759 3138 1816 3198; x_wconf 88' lang='lat' dir='ltr'>boo</span> 
     </span>
     <span class='ocr_line' id='line_1_34' title="bbox 107 3222 1816 3303; baseline -0.003 -14"><span class='ocrx_word' id='word_1_406' title='bbox 107 3231 145 3290; x_wconf 90' lang='lat' dir='ltr'>rii</span> <span class='ocrx_word' id='word_1_407' title='bbox 160 3231 274 3288; x_wconf 91' lang='lat' dir='ltr'>militis.</span> <span class='ocrx_word' id='word_1_408' title='bbox 286 3228 347 3303; x_wconf 74' lang='lat' dir='ltr'>ligo</span> <span class='ocrx_word' id='word_1_409' title='bbox 361 3226 543 3284; x_wconf 86' lang='lat' dir='ltr'>Guntbertus</span> <span class='ocrx_word' id='word_1_410' title='bbox 558 3224 614 3297; x_wconf 87' lang='grc'>(79)</span> <span class='ocrx_word' id='word_1_411' title='bbox 627 3223 715 3280; x_wconf 85' lang='lat' dir='ltr'>levita</span> <span class='ocrx_word' id='word_1_412' title='bbox 728 3228 757 3279; x_wconf 92' lang='lat' dir='ltr'>ct</span> <span class='ocrx_word' id='word_1_413' title='bbox 772 3224 933 3281; x_wconf 89' lang='lat' dir='ltr'>monachus</span> <span class='ocrx_word' id='word_1_414' title='bbox 987 3224 1235 3298; x_wconf 86' lang='lat' dir='ltr'>codice,quamvis</span> <span class='ocrx_word' id='word_1_415' title='bbox 1245 3222 1524 3297; x_wconf 86' lang='lat' dir='ltr'>impolito,digeram</span> <span class='ocrx_word' id='word_1_416' title='bbox 1533 3240 1679 3294; x_wconf 86' lang='lat' dir='ltr'>sermone,</span> <span class='ocrx_word' id='word_1_417' title='bbox 1689 3227 1816 3284; x_wconf 83' lang='lat' dir='ltr'>maxima</span> 
     </span>
     <span class='ocr_line' id='line_1_35' title="bbox 104 3311 1817 3396; baseline -0.004 -17"><span class='ocrx_word' id='word_1_418' title='bbox 104 3321 184 3396; x_wconf 79' lang='lat' dir='ltr'>jussi</span> <span class='ocrx_word' id='word_1_419' title='bbox 200 3319 300 3377; x_wconf 91' lang='lat' dir='ltr'>domni</span> <span class='ocrx_word' id='word_1_420' title='bbox 316 3314 451 3390; x_wconf 73' lang='lat' dir='ltr'>tarquini</span> <span class='ocrx_word' id='word_1_421' title='bbox 472 3313 605 3388; x_wconf 82' lang='lat' dir='ltr'>presulis</span> <span class='ocrx_word' id='word_1_422' title='bbox 623 3312 699 3370; x_wconf 86' lang='lat' dir='ltr'>banc</span> <span class='ocrx_word' id='word_1_423' title='bbox 717 3311 850 3369; x_wconf 90' lang='lat' dir='ltr'>chartam</span> <span class='ocrx_word' id='word_1_424' title='bbox 865 3313 935 3370; x_wconf 90' lang='lat' dir='ltr'>sori·</span> <span class='ocrx_word' id='word_1_425' title='bbox 988 3333 1056 3374; x_wconf 91' lang='lat' dir='ltr'>eum</span> <span class='ocrx_word' id='word_1_426' title='bbox 1070 3313 1193 3371; x_wconf 80' lang='lat' dir='ltr'>&#39;l&#39;obiam</span> <span class='ocrx_word' id='word_1_427' title='bbox 1208 3312 1330 3386; x_wconf 88' lang='lat' dir='ltr'>angelus</span> <span class='ocrx_word' id='word_1_428' title='bbox 1346 3312 1512 3383; x_wconf 89' lang='lat' dir='ltr'>admoneat,</span> <span class='ocrx_word' id='word_1_429' title='bbox 1524 3311 1644 3371; x_wconf 85' lang='lat' dir='ltr'>diceus:</span> <span class='ocrx_word' id='word_1_430' title='bbox 1661 3314 1749 3387; x_wconf 83' lang='lat' dir='ltr'>Opere</span> <span class='ocrx_word' id='word_1_431' title='bbox 1763 3316 1817 3372; x_wconf 79' lang='lat' dir='ltr'>Do-</span> 
     </span>
     <span class='ocr_line' id='line_1_36' title="bbox 107 3400 1816 3486; baseline -0.004 -19"><span class='ocrx_word' id='word_1_432' title='bbox 107 3410 156 3486; x_wconf 91' lang='lat' dir='ltr'>psi</span> <span class='ocrx_word' id='word_1_433' title='bbox 171 3415 200 3467; x_wconf 91' lang='lat' dir='ltr'>et</span> <span class='ocrx_word' id='word_1_434' title='bbox 213 3405 386 3479; x_wconf 88' lang='lat' dir='ltr'>subscripsi.</span> <span class='ocrx_word' id='word_1_435' title='bbox 987 3407 1060 3462; x_wconf 83' lang='lat' dir='ltr'>mini</span> <span class='ocrx_word' id='word_1_436' title='bbox 1073 3419 1191 3460; x_wconf 69' lang='lat' dir='ltr'>nonore</span> <span class='ocrx_word' id='word_1_437' title='bbox 1215 3409 1242 3459; x_wconf 88' lang='lat' dir='ltr'>et</span> <span class='ocrx_word' id='word_1_438' title='bbox 1263 3402 1389 3473; x_wconf 77' lang='lat' dir='ltr'>confiteri</span> <span class='ocrx_word' id='word_1_439' title='bbox 1402 3400 1585 3473; x_wconf 71' lang='lat' dir='ltr'>honorificem</span> <span class='ocrx_word' id='word_1_440' title='bbox 1598 3406 1647 3460; x_wconf 78' lang='lat' dir='ltr'>est.</span> <span class='ocrx_word' id='word_1_441' title='bbox 1663 3403 1714 3461; x_wconf 82' lang='lat' dir='ltr'>list</span> <span class='ocrx_word' id='word_1_442' title='bbox 1736 3404 1816 3461; x_wconf 86' lang='lat' dir='ltr'>enim</span> 
     </span>
     <span class='ocr_line' id='line_1_37' title="bbox 334 3489 1818 3562; baseline 0.003 -17"><span class='ocrx_word' id='word_1_443' title='bbox 334 3518 337 3522; x_wconf 92' lang='lat'>·</span> <span class='ocrx_word' id='word_1_444' title='bbox 421 3489 455 3548; x_wconf 90' lang='lat' dir='ltr'>V.</span> <span class='ocrx_word' id='word_1_445' title='bbox 467 3490 624 3562; x_wconf 76' lang='lat' dir='ltr'>Exemplar.</span> <span class='ocrx_word' id='word_1_446' title='bbox 988 3494 1019 3551; x_wconf 92' lang='lat' dir='ltr'>in</span> <span class='ocrx_word' id='word_1_447' title='bbox 1034 3494 1090 3549; x_wconf 88' lang='lat' dir='ltr'>hoc</span> <span class='ocrx_word' id='word_1_448' title='bbox 1117 3491 1204 3557; x_wconf 87' lang='lat' dir='ltr'>iacto,</span> <span class='ocrx_word' id='word_1_449' title='bbox 1220 3491 1244 3547; x_wconf 92' lang='lat' dir='ltr'>si</span> <span class='ocrx_word' id='word_1_450' title='bbox 1261 3490 1404 3547; x_wconf 89' lang='lat' dir='ltr'>referatur</span> <span class='ocrx_word' id='word_1_451' title='bbox 1430 3491 1508 3547; x_wconf 89' lang='lat' dir='ltr'>unde</span> <span class='ocrx_word' id='word_1_452' title='bbox 1537 3489 1651 3547; x_wconf 86' lang='lat' dir='ltr'>Domini</span> <span class='ocrx_word' id='word_1_453' title='bbox 1680 3491 1818 3550; x_wconf 89' lang='lat' dir='ltr'>laudetur</span> 
     </span>
     <span class='ocr_line' id='line_1_38' title="bbox 145 3578 1829 3657; baseline -0.001 -16"><span class='ocrx_word' id='word_1_454' title='bbox 145 3584 293 3657; x_wconf 83' lang='lat' dir='ltr'>Quidquid</span> <span class='ocrx_word' id='word_1_455' title='bbox 307 3583 373 3657; x_wconf 88' lang='grc'>(80),</span> <span class='ocrx_word' id='word_1_456' title='bbox 389 3584 444 3638; x_wconf 89' lang='lat' dir='ltr'>eto.</span> <span class='ocrx_word' id='word_1_457' title='bbox 990 3579 1217 3655; x_wconf 84' lang='lat' dir='ltr'>magnificentia,</span> <span class='ocrx_word' id='word_1_458' title='bbox 1234 3584 1263 3635; x_wconf 89' lang='lat' dir='ltr'>et</span> <span class='ocrx_word' id='word_1_459' title='bbox 1283 3579 1362 3636; x_wconf 91' lang='lat' dir='ltr'>unde</span> <span class='ocrx_word' id='word_1_460' title='bbox 1385 3578 1480 3653; x_wconf 91' lang='lat' dir='ltr'>ipsius</span> <span class='ocrx_word' id='word_1_461' title='bbox 1503 3579 1598 3637; x_wconf 90' lang='lat' dir='ltr'>sancti</span> <span class='ocrx_word' id='word_1_462' title='bbox 1621 3579 1829 3654; x_wconf 69' lang='lat' dir='ltr'>amplificetur</span> 
     </span>
     <span class='ocr_line' id='line_1_39' title="bbox 107 3666 1818 3760; baseline -0.002 -11"><span class='ocrx_word' id='word_1_463' title='bbox 107 3692 157 3751; x_wconf 86' lang='lat' dir='ltr'>vl.</span> <span class='ocrx_word' id='word_1_464' title='bbox 173 3694 211 3749; x_wconf 83' lang='lat' dir='ltr'>De</span> <span class='ocrx_word' id='word_1_465' title='bbox 225 3695 312 3749; x_wconf 81' lang='lat' dir='ltr'>morte</span> <span class='ocrx_word' id='word_1_466' title='bbox 325 3689 453 3746; x_wconf 81' lang='lat' dir='ltr'>lodovici</span> <span class='ocrx_word' id='word_1_467' title='bbox 473 3689 555 3760; x_wconf 73' lang='lat' dir='ltr'>regis,</span> <span class='ocrx_word' id='word_1_468' title='bbox 571 3689 597 3744; x_wconf 85' lang='lat' dir='ltr'>et</span> <span class='ocrx_word' id='word_1_469' title='bbox 610 3686 744 3743; x_wconf 82' lang='lat' dir='ltr'>dioiaioee</span> <span class='ocrx_word' id='word_1_470' title='bbox 764 3688 844 3758; x_wconf 76' lang='lat' dir='ltr'>requi</span> <span class='ocrx_word' id='word_1_471' title='bbox 865 3689 937 3744; x_wconf 84' lang='lat' dir='ltr'>inter</span> <span class='ocrx_word' id='word_1_472' title='bbox 991 3666 1332 3742; x_wconf 64' lang='lat' dir='ltr'>l0V⁰ltssii³·ASSf0di⁸f</span> <span class='ocrx_word' id='word_1_473' title='bbox 1357 3685 1426 3743; x_wconf 55' lang='lat'>0¹8⁰</span> <span class='ocrx_word' id='word_1_474' title='bbox 1452 3668 1559 3739; x_wconf 62' lang='lat' dir='ltr'>disstfflr</span> <span class='ocrx_word' id='word_1_475' title='bbox 1574 3685 1632 3727; x_wconf 72' lang='lat'>⁰⁰¹¹</span> <span class='ocrx_word' id='word_1_476' title='bbox 1662 3686 1727 3744; x_wconf 68' lang='lat' dir='ltr'>(1¹¹³l</span> <span class='ocrx_word' id='word_1_477' title='bbox 1753 3670 1818 3745; x_wconf 88' lang='lat' dir='ltr'>ipss</span> 
     </span>
     <span class='ocr_line' id='line_1_40' title="bbox 445 3757 1816 3836; baseline 0.002 -21"><span class='ocrx_word' id='word_1_478' title='bbox 445 3760 518 3832; x_wconf 76' lang='lat' dir='ltr'>fitios</span> <span class='ocrx_word' id='word_1_479' title='bbox 532 3759 601 3832; x_wconf 70' lang='lat' dir='ltr'>citu.</span> <span class='ocrx_word' id='word_1_480' title='bbox 990 3776 1137 3836; x_wconf 77' lang='lat' dir='ltr'>presumo</span> <span class='ocrx_word' id='word_1_481' title='bbox 1151 3759 1272 3831; x_wconf 86' lang='lat' dir='ltr'>tingere,</span> <span class='ocrx_word' id='word_1_482' title='bbox 1285 3758 1337 3814; x_wconf 90' lang='lat' dir='ltr'>sed</span> <span class='ocrx_word' id='word_1_483' title='bbox 1360 3774 1423 3830; x_wconf 82' lang='lat' dir='ltr'>que</span> <span class='ocrx_word' id='word_1_484' title='bbox 1439 3775 1456 3815; x_wconf 94' lang='lat' dir='ltr'>a</span> <span class='ocrx_word' id='word_1_485' title='bbox 1470 3757 1636 3817; x_wconf 89' lang='lat' dir='ltr'>senioribus</span> <span class='ocrx_word' id='word_1_486' title='bbox 1657 3758 1732 3818; x_wconf 88' lang='lat' dir='ltr'>mibi</span> <span class='ocrx_word' id='word_1_487' title='bbox 1747 3776 1816 3818; x_wconf 88' lang='lat' dir='ltr'>oon·</span> 
     </span>
     <span class='ocr_line' id='line_1_41' title="bbox 146 3846 1316 3922; baseline -0.008 -11"><span class='ocrx_word' id='word_1_488' title='bbox 146 3851 296 3911; x_wconf 86' lang='lat' dir='ltr'>Gloriosus</span> <span class='ocrx_word' id='word_1_489' title='bbox 312 3854 410 3908; x_wconf 83' lang='lat' dir='ltr'>autem</span> <span class='ocrx_word' id='word_1_490' title='bbox 424 3865 475 3906; x_wconf 83' lang='lat' dir='ltr'>rex</span> <span class='ocrx_word' id='word_1_491' title='bbox 490 3846 653 3905; x_wconf 88' lang='lat' dir='ltr'>Ludovicus</span> <span class='ocrx_word' id='word_1_492' title='bbox 667 3847 825 3921; x_wconf 90' lang='lat' dir='ltr'>imperator</span> <span class='ocrx_word' id='word_1_493' title='bbox 838 3850 937 3922; x_wconf 82' lang='lat' dir='ltr'>Augu·</span> <span class='ocrx_word' id='word_1_494' title='bbox 991 3854 1050 3911; x_wconf 80' lang='lat' dir='ltr'>stat</span> <span class='ocrx_word' id='word_1_495' title='bbox 1064 3847 1231 3906; x_wconf 88' lang='lat' dir='ltr'>intimatum</span> <span class='ocrx_word' id='word_1_496' title='bbox 1246 3847 1316 3903; x_wconf 87' lang='lat' dir='ltr'>iore.</span> 
     </span>
     <span class='ocr_line' id='line_1_42' title="bbox 109 3935 1820 4015; baseline -0.002 -13"><span class='ocrx_word' id='word_1_497' title='bbox 109 3949 183 4011; x_wconf 88' lang='lat' dir='ltr'>stas,</span> <span class='ocrx_word' id='word_1_498' title='bbox 207 3959 284 3999; x_wconf 91' lang='lat' dir='ltr'>anno</span> <span class='ocrx_word' id='word_1_499' title='bbox 308 3937 518 3997; x_wconf 88' lang='lat' dir='ltr'>incarnationis</span> <span class='ocrx_word' id='word_1_500' title='bbox 541 3935 699 3994; x_wconf 81' lang='lat' dir='ltr'>Dominica</span> <span class='ocrx_word' id='word_1_501' title='bbox 722 3937 784 4004; x_wconf 69' lang='lat'>840,</span> <span class='ocrx_word' id='word_1_502' title='bbox 801 3954 869 3994; x_wconf 91' lang='lat' dir='ltr'>cum</span> <span class='ocrx_word' id='word_1_503' title='bbox 893 3954 938 3995; x_wconf 87' lang='lat' dir='ltr'>re·</span> <span class='ocrx_word' id='word_1_504' title='bbox 1027 3937 1205 4012; x_wconf 87' lang='lat' dir='ltr'>Vlll.lgitur</span> <span class='ocrx_word' id='word_1_505' title='bbox 1218 3937 1302 4010; x_wconf 86' lang='lat' dir='ltr'>lingo</span> <span class='ocrx_word' id='word_1_506' title='bbox 1318 3936 1483 4009; x_wconf 82' lang='lat' dir='ltr'>abbasjam</span> <span class='ocrx_word' id='word_1_507' title='bbox 1498 3940 1688 4007; x_wconf 88' lang='lat' dir='ltr'>memoratus,</span> <span class='ocrx_word' id='word_1_508' title='bbox 1699 3941 1820 4015; x_wconf 84' lang='lat' dir='ltr'>excepta</span> 
     </span>
     <span class='ocr_line' id='line_1_43' title="bbox 109 4024 1823 4107; baseline -0.001 -18"><span class='ocrx_word' id='word_1_509' title='bbox 109 4035 232 4107; x_wconf 86' lang='lat' dir='ltr'>guasset</span> <span class='ocrx_word' id='word_1_510' title='bbox 246 4030 333 4088; x_wconf 88' lang='lat' dir='ltr'>annis</span> <span class='ocrx_word' id='word_1_511' title='bbox 346 4045 434 4095; x_wconf 83' lang='lat' dir='ltr'>xxvn,</span> <span class='ocrx_word' id='word_1_512' title='bbox 453 4027 578 4084; x_wconf 88' lang='lat' dir='ltr'>decessit</span> <span class='ocrx_word' id='word_1_513' title='bbox 597 4042 614 4081; x_wconf 90' lang='lat' dir='ltr'>a</span> <span class='ocrx_word' id='word_1_514' title='bbox 636 4025 752 4082; x_wconf 76' lang='lat' dir='ltr'>seculo.</span> <span class='ocrx_word' id='word_1_515' title='bbox 765 4029 839 4083; x_wconf 83' lang='lat' dir='ltr'>Ante</span> <span class='ocrx_word' id='word_1_516' title='bbox 854 4027 939 4100; x_wconf 86' lang='lat' dir='ltr'>cujus</span> <span class='ocrx_word' id='word_1_517' title='bbox 993 4045 1083 4088; x_wconf 89' lang='lat' dir='ltr'>causa</span> <span class='ocrx_word' id='word_1_518' title='bbox 1097 4043 1186 4100; x_wconf 90' lang='lat' dir='ltr'>quam</span> <span class='ocrx_word' id='word_1_519' title='bbox 1203 4025 1357 4094; x_wconf 83' lang='lat' dir='ltr'>retero,vir</span> <span class='ocrx_word' id='word_1_520' title='bbox 1370 4041 1423 4099; x_wconf 92' lang='lat' dir='ltr'>per</span> <span class='ocrx_word' id='word_1_521' title='bbox 1441 4032 1549 4084; x_wconf 87' lang='lat' dir='ltr'>cuncta</span> <span class='ocrx_word' id='word_1_522' title='bbox 1562 4024 1732 4100; x_wconf 88' lang='lat' dir='ltr'>laudabilis,</span> <span class='ocrx_word' id='word_1_523' title='bbox 1743 4031 1823 4103; x_wconf 88' lang='lat' dir='ltr'>post-</span> 
     </span>
     <span class='ocr_line' id='line_1_44' title="bbox 110 4114 1824 4193; baseline -0.004 -14"><span class='ocrx_word' id='word_1_524' title='bbox 110 4122 226 4179; x_wconf 91' lang='lat' dir='ltr'>obitum</span> <span class='ocrx_word' id='word_1_525' title='bbox 246 4117 381 4177; x_wconf 88' lang='lat' dir='ltr'>mirabile</span> <span class='ocrx_word' id='word_1_526' title='bbox 402 4116 544 4191; x_wconf 91' lang='lat' dir='ltr'>quiddam</span> <span class='ocrx_word' id='word_1_527' title='bbox 559 4119 589 4172; x_wconf 91' lang='lat' dir='ltr'>et</span> <span class='ocrx_word' id='word_1_528' title='bbox 601 4114 768 4172; x_wconf 91' lang='lat' dir='ltr'>inauditum</span> <span class='ocrx_word' id='word_1_529' title='bbox 791 4116 898 4174; x_wconf 88' lang='lat' dir='ltr'>accidit</span> <span class='ocrx_word' id='word_1_530' title='bbox 909 4116 940 4172; x_wconf 91' lang='lat' dir='ltr'>in</span> <span class='ocrx_word' id='word_1_531' title='bbox 994 4114 1824 4193; x_wconf 78' lang='lat' dir='ltr'>quamtocumhunosuaconstituthnelaudabiliterata·</span> 
     </span>
     <span class='ocr_line' id='line_1_45' title="bbox 111 4186 1824 4285; baseline -0.002 -18"><span class='ocrx_word' id='word_1_532' title='bbox 111 4226 189 4285; x_wconf 91' lang='lat' dir='ltr'>pago</span> <span class='ocrx_word' id='word_1_533' title='bbox 202 4208 431 4266; x_wconf 83' lang='lat' dir='ltr'>Taruennicum.</span> <span class='ocrx_word' id='word_1_534' title='bbox 445 4205 518 4262; x_wconf 89' lang='lat' dir='ltr'>Nam</span> <span class='ocrx_word' id='word_1_535' title='bbox 540 4204 604 4277; x_wconf 91' lang='lat' dir='ltr'>ipso</span> <span class='ocrx_word' id='word_1_536' title='bbox 620 4220 708 4270; x_wconf 90' lang='lat' dir='ltr'>anno,</span> <span class='ocrx_word' id='word_1_537' title='bbox 724 4208 790 4278; x_wconf 88' lang='lat' dir='ltr'>post</span> <span class='ocrx_word' id='word_1_538' title='bbox 811 4205 941 4262; x_wconf 90' lang='lat' dir='ltr'>medium</span> <span class='ocrx_word' id='word_1_539' title='bbox 995 4206 1100 4274; x_wconf 92' lang='lat' dir='ltr'>bilivit,</span> <span class='ocrx_word' id='word_1_540' title='bbox 1111 4220 1171 4277; x_wconf 91' lang='lat' dir='ltr'>qua</span> <span class='ocrx_word' id='word_1_541' title='bbox 1181 4207 1210 4260; x_wconf 90' lang='lat' dir='ltr'>et</span> <span class='ocrx_word' id='word_1_542' title='bbox 1224 4204 1380 4260; x_wconf 88' lang='lat' dir='ltr'>canonicos</span> <span class='ocrx_word' id='word_1_543' title='bbox 1390 4203 1483 4260; x_wconf 84' lang='lat' dir='ltr'>saneti</span> <span class='ocrx_word' id='word_1_544' title='bbox 1498 4186 1658 4261; x_wconf 78' lang='lat' dir='ltr'>audomari</span> <span class='ocrx_word' id='word_1_545' title='bbox 1671 4202 1824 4264; x_wconf 77' lang='lat' dir='ltr'>monachis</span> 
     </span>
     <span class='ocr_line' id='line_1_46' title="bbox 111 4291 1824 4368; baseline -0.003 -12"><span class='ocrx_word' id='word_1_546' title='bbox 111 4297 288 4356; x_wconf 73' lang='lat' dir='ltr'>ianuarium</span> <span class='ocrx_word' id='word_1_547' title='bbox 295 4294 508 4368; x_wconf 87' lang='lat' dir='ltr'>meridie,ignei</span> <span class='ocrx_word' id='word_1_548' title='bbox 520 4294 737 4350; x_wconf 89' lang='lat' dir='ltr'>umbonescum</span> <span class='ocrx_word' id='word_1_549' title='bbox 748 4293 846 4349; x_wconf 90' lang='lat' dir='ltr'>sonitu</span> <span class='ocrx_word' id='word_1_550' title='bbox 856 4310 942 4368; x_wconf 88' lang='lat' dir='ltr'>gran·</span> <span class='ocrx_word' id='word_1_551' title='bbox 997 4294 1090 4357; x_wconf 89' lang='lat' dir='ltr'>sancti</span> <span class='ocrx_word' id='word_1_552' title='bbox 1102 4292 1313 4359; x_wconf 86' lang='lat' dir='ltr'>Bertiui,etiam</span> <span class='ocrx_word' id='word_1_553' title='bbox 1324 4309 1375 4365; x_wconf 91' lang='lat' dir='ltr'>per</span> <span class='ocrx_word' id='word_1_554' title='bbox 1385 4291 1610 4366; x_wconf 85' lang='lat' dir='ltr'>descriptionem</span> <span class='ocrx_word' id='word_1_555' title='bbox 1621 4293 1824 4366; x_wconf 83' lang='lat' dir='ltr'>capitularem,</span> 
     </span>
     <span class='ocr_line' id='line_1_47' title="bbox 113 4381 1826 4460; baseline -0.002 -17"><span class='ocrx_word' id='word_1_556' title='bbox 113 4386 145 4444; x_wconf 91' lang='lat' dir='ltr'>di</span> <span class='ocrx_word' id='word_1_557' title='bbox 155 4381 944 4458; x_wconf 81' lang='lat' dir='ltr'>abretberelapsisunt,mirumquespectaculumomni</span> <span class='ocrx_word' id='word_1_558' title='bbox 994 4388 1075 4460; x_wconf 76' lang='lat' dir='ltr'>juste</span> <span class='ocrx_word' id='word_1_559' title='bbox 1090 4381 1268 4455; x_wconf 76' lang='lat' dir='ltr'>subJugavit,</span> <span class='ocrx_word' id='word_1_560' title='bbox 1284 4381 1521 4454; x_wconf 87' lang='lat' dir='ltr'>monachumque</span> <span class='ocrx_word' id='word_1_561' title='bbox 1536 4381 1572 4439; x_wconf 92' lang='lat' dir='ltr'>ab</span> <span class='ocrx_word' id='word_1_562' title='bbox 1587 4382 1712 4439; x_wconf 83' lang='lat' dir='ltr'>inferius</span> <span class='ocrx_word' id='word_1_563' title='bbox 1726 4397 1826 4441; x_wconf 82' lang='lat' dir='ltr'>mona·</span> 
     </span>
     <span class='ocr_line' id='line_1_48' title="bbox 112 4470 1825 4551; baseline -0.002 -20"><span class='ocrx_word' id='word_1_564' title='bbox 112 4473 223 4550; x_wconf 91' lang='lat' dir='ltr'>populo</span> <span class='ocrx_word' id='word_1_565' title='bbox 239 4472 414 4531; x_wconf 86' lang='lat' dir='ltr'>detulerunt.</span> <span class='ocrx_word' id='word_1_566' title='bbox 425 4473 566 4529; x_wconf 78' lang='lat' dir='ltr'>Defuncto</span> <span class='ocrx_word' id='word_1_567' title='bbox 582 4474 679 4527; x_wconf 84' lang='lat' dir='ltr'>nutem</span> <span class='ocrx_word' id='word_1_568' title='bbox 699 4471 837 4544; x_wconf 77' lang='lat' dir='ltr'>predicto</span> <span class='ocrx_word' id='word_1_569' title='bbox 851 4471 943 4545; x_wconf 91' lang='lat' dir='ltr'>impe·</span> <span class='ocrx_word' id='word_1_570' title='bbox 958 4484 983 4551; x_wconf 78' lang='grc' dir='ltr'><strong>Β</strong></span> <span class='ocrx_word' id='word_1_571' title='bbox 998 4474 1122 4534; x_wconf 88' lang='lat' dir='ltr'>sterium</span> <span class='ocrx_word' id='word_1_572' title='bbox 1137 4473 1173 4528; x_wconf 93' lang='lat' dir='ltr'>ad</span> <span class='ocrx_word' id='word_1_573' title='bbox 1198 4470 1293 4527; x_wconf 86' lang='lat' dir='ltr'>sancti</span> <span class='ocrx_word' id='word_1_574' title='bbox 1308 4470 1467 4526; x_wconf 82' lang='lat' dir='ltr'>Audomari</span> <span class='ocrx_word' id='word_1_575' title='bbox 1484 4470 1648 4531; x_wconf 80' lang='lat' dir='ltr'>custodiam</span> <span class='ocrx_word' id='word_1_576' title='bbox 1664 4470 1825 4544; x_wconf 72' lang='lat' dir='ltr'>deputarit,</span> 
     </span>
     <span class='ocr_line' id='line_1_49' title="bbox 113 4558 1838 4634; baseline -0.003 -12"><span class='ocrx_word' id='word_1_577' title='bbox 113 4568 212 4622; x_wconf 79' lang='lat' dir='ltr'>satore</span> <span class='ocrx_word' id='word_1_578' title='bbox 227 4562 382 4631; x_wconf 88' lang='lat' dir='ltr'>Ludovico,</span> <span class='ocrx_word' id='word_1_579' title='bbox 396 4562 475 4618; x_wconf 89' lang='lat' dir='ltr'>iilius</span> <span class='ocrx_word' id='word_1_580' title='bbox 488 4562 552 4633; x_wconf 78' lang='lat' dir='ltr'>ejus</span> <span class='ocrx_word' id='word_1_581' title='bbox 568 4559 735 4629; x_wconf 86' lang='lat' dir='ltr'>Lotbarius,</span> <span class='ocrx_word' id='word_1_582' title='bbox 748 4560 798 4633; x_wconf 92' lang='lat' dir='ltr'>qui</span> <span class='ocrx_word' id='word_1_583' title='bbox 814 4564 880 4617; x_wconf 90' lang='lat' dir='ltr'>ante</span> <span class='ocrx_word' id='word_1_584' title='bbox 895 4561 944 4618; x_wconf 90' lang='lat' dir='ltr'>ob·</span> <span class='ocrx_word' id='word_1_585' title='bbox 998 4562 1145 4622; x_wconf 90' lang='lat' dir='ltr'>diabolica</span> <span class='ocrx_word' id='word_1_586' title='bbox 1155 4560 1261 4633; x_wconf 87' lang='lat' dir='ltr'>sagitta</span> <span class='ocrx_word' id='word_1_587' title='bbox 1269 4558 1519 4632; x_wconf 71' lang='lat' dir='ltr'>jaculatusoorpit</span> <span class='ocrx_word' id='word_1_588' title='bbox 1528 4559 1690 4634; x_wconf 82' lang='lat' dir='ltr'>excogitare</span> <span class='ocrx_word' id='word_1_589' title='bbox 1699 4558 1838 4632; x_wconf 80' lang='lat' dir='ltr'>qualitar&#39;</span> 
     </span>
     <span class='ocr_line' id='line_1_50' title="bbox 114 4647 1833 4724; baseline -0.001 -16"><span class='ocrx_word' id='word_1_590' title='bbox 114 4653 192 4709; x_wconf 90' lang='lat' dir='ltr'>itum</span> <span class='ocrx_word' id='word_1_591' title='bbox 207 4652 300 4724; x_wconf 89' lang='lat' dir='ltr'>patris</span> <span class='ocrx_word' id='word_1_592' title='bbox 321 4651 357 4707; x_wconf 92' lang='lat' dir='ltr'>ad</span> <span class='ocrx_word' id='word_1_593' title='bbox 380 4651 586 4724; x_wconf 86' lang='lat' dir='ltr'>imperatorem</span> <span class='ocrx_word' id='word_1_594' title='bbox 603 4651 710 4705; x_wconf 87' lang='lat' dir='ltr'>unctus</span> <span class='ocrx_word' id='word_1_595' title='bbox 724 4652 795 4717; x_wconf 89' lang='lat' dir='ltr'>erat,</span> <span class='ocrx_word' id='word_1_596' title='bbox 810 4651 845 4706; x_wconf 90' lang='lat' dir='ltr'>de</span> <span class='ocrx_word' id='word_1_597' title='bbox 861 4649 944 4708; x_wconf 90' lang='lat' dir='ltr'>ltalia</span> <span class='ocrx_word' id='word_1_598' title='bbox 998 4651 1093 4711; x_wconf 89' lang='lat' dir='ltr'>sancti</span> <span class='ocrx_word' id='word_1_599' title='bbox 1107 4647 1264 4706; x_wconf 86' lang='lat' dir='ltr'>Andomari</span> <span class='ocrx_word' id='word_1_600' title='bbox 1287 4663 1404 4720; x_wconf 91' lang='lat' dir='ltr'>corpus,</span> <span class='ocrx_word' id='word_1_601' title='bbox 1417 4648 1502 4720; x_wconf 88' lang='lat' dir='ltr'>cujus</span> <span class='ocrx_word' id='word_1_602' title='bbox 1518 4665 1572 4721; x_wconf 91' lang='lat' dir='ltr'>ope</span> <span class='ocrx_word' id='word_1_603' title='bbox 1590 4650 1619 4704; x_wconf 90' lang='lat' dir='ltr'>et</span> <span class='ocrx_word' id='word_1_604' title='bbox 1633 4647 1750 4716; x_wconf 83' lang='lat' dir='ltr'>auxilio,</span> <span class='ocrx_word' id='word_1_605' title='bbox 1766 4651 1833 4707; x_wconf 75' lang='lat' dir='ltr'>uda</span> 
     </span>
     <span class='ocr_line' id='line_1_51' title="bbox 112 4736 1830 4812; baseline -0.003 -13"><span class='ocrx_word' id='word_1_606' title='bbox 112 4740 248 4812; x_wconf 87' lang='lat' dir='ltr'>veniens,</span> <span class='ocrx_word' id='word_1_607' title='bbox 264 4739 465 4797; x_wconf 89' lang='lat' dir='ltr'>monarchiam</span> <span class='ocrx_word' id='word_1_608' title='bbox 481 4743 580 4796; x_wconf 90' lang='lat' dir='ltr'>tenero</span> <span class='ocrx_word' id='word_1_609' title='bbox 600 4737 752 4812; x_wconf 85' lang='lat' dir='ltr'>gestiebat.</span> <span class='ocrx_word' id='word_1_610' title='bbox 769 4739 825 4796; x_wconf 89' lang='lat' dir='ltr'>Sed</span> <span class='ocrx_word' id='word_1_611' title='bbox 840 4740 945 4796; x_wconf 86' lang='lat' dir='ltr'>iratres</span> <span class='ocrx_word' id='word_1_612' title='bbox 999 4760 1066 4800; x_wconf 88' lang='lat' dir='ltr'>eum</span> <span class='ocrx_word' id='word_1_613' title='bbox 1089 4738 1183 4797; x_wconf 89' lang='lat' dir='ltr'>sodali</span> <span class='ocrx_word' id='word_1_614' title='bbox 1205 4754 1259 4794; x_wconf 89' lang='lat' dir='ltr'>suo</span> <span class='ocrx_word' id='word_1_615' title='bbox 1283 4736 1409 4806; x_wconf 82' lang='lat' dir='ltr'>bertino,</span> <span class='ocrx_word' id='word_1_616' title='bbox 1421 4736 1622 4793; x_wconf 86' lang='lat' dir='ltr'>Taruennious</span> <span class='ocrx_word' id='word_1_617' title='bbox 1646 4736 1830 4811; x_wconf 87' lang='lat' dir='ltr'>gnbematur</span> 
     </span>
    </p>
   </div>
   <div class='ocr_carea' id='block_1_3' title="bbox 113 4878 1830 5679">
    <p class='ocr_par' dir='ltr' id='par_1_3' title="bbox 113 4878 1829 5170">
     <span class='ocr_line' id='line_1_52' title="bbox 154 4878 1827 4957; baseline -0.001 -19"><span class='ocrx_word' id='word_1_618' title='bbox 154 4883 212 4955; x_wconf 89' lang='grc'>(77)</span> <span class='ocrx_word' id='word_1_619' title='bbox 228 4883 301 4938; x_wconf 85' lang='lat' dir='ltr'>ilinc</span> <span class='ocrx_word' id='word_1_620' title='bbox 316 4881 437 4957; x_wconf 87' lang='lat' dir='ltr'>colllgns</span> <span class='ocrx_word' id='word_1_621' title='bbox 452 4882 628 4956; x_wconf 76' lang='lat' dir='ltr'>Solquinum</span> <span class='ocrx_word' id='word_1_622' title='bbox 638 4881 701 4938; x_wconf 89' lang='lat' dir='ltr'>sodi</span> <span class='ocrx_word' id='word_1_623' title='bbox 716 4881 875 4939; x_wconf 88' lang='lat' dir='ltr'>Morinensi</span> <span class='ocrx_word' id='word_1_624' title='bbox 891 4883 946 4939; x_wconf 89' lang='lat' dir='ltr'>im·</span> <span class='ocrx_word' id='word_1_625' title='bbox 999 4881 1177 4940; x_wconf 88' lang='lat' dir='ltr'>monachum</span> <span class='ocrx_word' id='word_1_626' title='bbox 1200 4897 1273 4952; x_wconf 91' lang='lat' dir='ltr'>puer</span> <span class='ocrx_word' id='word_1_627' title='bbox 1291 4878 1398 4935; x_wconf 92' lang='lat' dir='ltr'>nobilis</span> <span class='ocrx_word' id='word_1_628' title='bbox 1414 4878 1607 4944; x_wconf 85' lang='lat' dir='ltr'>Guntbertus,</span> <span class='ocrx_word' id='word_1_629' title='bbox 1623 4878 1703 4936; x_wconf 91' lang='lat' dir='ltr'>clara</span> <span class='ocrx_word' id='word_1_630' title='bbox 1724 4878 1827 4952; x_wconf 82' lang='lat' dir='ltr'>stirps,</span> 
     </span>
     <span class='ocr_line' id='line_1_53' title="bbox 114 4950 1827 5032; baseline -0.002 -21"><span class='ocrx_word' id='word_1_631' title='bbox 114 4954 249 5032; x_wconf 89' lang='lat' dir='ltr'>positum</span> <span class='ocrx_word' id='word_1_632' title='bbox 274 4955 365 5011; x_wconf 86' lang='lat' dir='ltr'>luisse</span> <span class='ocrx_word' id='word_1_633' title='bbox 389 4971 466 5010; x_wconf 92' lang='lat' dir='ltr'>anno</span> <span class='ocrx_word' id='word_1_634' title='bbox 481 4957 543 5010; x_wconf 83' lang='lat'>817.</span> <span class='ocrx_word' id='word_1_635' title='bbox 556 4953 707 5010; x_wconf 87' lang='lat' dir='ltr'>Consentit</span> <span class='ocrx_word' id='word_1_636' title='bbox 728 4953 856 5010; x_wconf 78' lang='lat' dir='ltr'>loannes</span> <span class='ocrx_word' id='word_1_637' title='bbox 880 4955 942 5027; x_wconf 93' lang='lat' dir='ltr'>lpe·</span> <span class='ocrx_word' id='word_1_638' title='bbox 1021 4960 1081 5011; x_wconf 89' lang='lat' dir='ltr'>atre</span> <span class='ocrx_word' id='word_1_639' title='bbox 1096 4951 1255 5021; x_wconf 89' lang='lat' dir='ltr'>Goitborto,</span> <span class='ocrx_word' id='word_1_640' title='bbox 1271 4954 1363 5006; x_wconf 89' lang='lat' dir='ltr'>matre</span> <span class='ocrx_word' id='word_1_641' title='bbox 1381 4966 1448 5006; x_wconf 85' lang='lat' dir='ltr'>vero</span> <span class='ocrx_word' id='word_1_642' title='bbox 1468 4950 1631 5007; x_wconf 82' lang='lat' dir='ltr'>llbertruda</span> <span class='ocrx_word' id='word_1_643' title='bbox 1644 4966 1696 5023; x_wconf 88' lang='lat' dir='ltr'>pro</span> <span class='ocrx_word' id='word_1_644' title='bbox 1717 4950 1827 5008; x_wconf 92' lang='lat' dir='ltr'>enitus.</span> 
     </span>
     <span class='ocr_line' id='line_1_54' title="bbox 115 4973 1828 5099; baseline -0.004 -14"><span class='ocrx_word' id='word_1_645' title='bbox 115 5026 182 5085; x_wconf 87' lang='lat' dir='ltr'>rius</span> <span class='ocrx_word' id='word_1_646' title='bbox 197 5026 247 5099; x_wconf 90' lang='lat' dir='ltr'>qui</span> <span class='ocrx_word' id='word_1_647' title='bbox 265 5025 397 5099; x_wconf 84' lang='lat' dir='ltr'>Folquini</span> <span class='ocrx_word' id='word_1_648' title='bbox 412 5025 665 5099; x_wconf 88' lang='lat' dir='ltr'>inaugurationem</span> <span class='ocrx_word' id='word_1_649' title='bbox 683 5025 797 5098; x_wconf 91' lang='lat' dir='ltr'>reponit</span> <span class='ocrx_word' id='word_1_650' title='bbox 809 5024 946 5082; x_wconf 80' lang='lat' dir='ltr'>ludovici</span> <span class='ocrx_word' id='word_1_651' title='bbox 1000 4973 1055 5092; x_wconf 56' lang='lat' dir='ltr'>Sui</span> <span class='ocrx_word' id='word_1_652' title='bbox 1071 5023 1252 5081; x_wconf 89' lang='lat' dir='ltr'>Guntbertus</span> <span class='ocrx_word' id='word_1_653' title='bbox 1274 5022 1303 5076; x_wconf 92' lang='lat' dir='ltr'>in</span> <span class='ocrx_word' id='word_1_654' title='bbox 1324 5022 1478 5093; x_wconf 88' lang='lat' dir='ltr'>juventute</span> <span class='ocrx_word' id='word_1_655' title='bbox 1498 5037 1553 5077; x_wconf 90' lang='lat' dir='ltr'>sua</span> <span class='ocrx_word' id='word_1_656' title='bbox 1566 5038 1585 5077; x_wconf 91' lang='lat' dir='ltr'>a</span> <span class='ocrx_word' id='word_1_657' title='bbox 1598 5026 1680 5094; x_wconf 89' lang='lat' dir='ltr'>patro</span> <span class='ocrx_word' id='word_1_658' title='bbox 1729 5037 1828 5078; x_wconf 86' lang='lat' dir='ltr'>omnm</span> 
     </span>
     <span class='ocr_line' id='line_1_55' title="bbox 113 5091 1829 5170; baseline -0.004 -13"><span class='ocrx_word' id='word_1_659' title='bbox 113 5096 243 5170; x_wconf 81' lang='lat' dir='ltr'>Augusti</span> <span class='ocrx_word' id='word_1_660' title='bbox 259 5115 335 5155; x_wconf 90' lang='lat' dir='ltr'>anno</span> <span class='ocrx_word' id='word_1_661' title='bbox 350 5114 387 5153; x_wconf 80' lang='grc' dir='ltr'>ιν.</span> <span class='ocrx_word' id='word_1_662' title='bbox 1001 5098 1108 5154; x_wconf 90' lang='lat' dir='ltr'>ductus</span> <span class='ocrx_word' id='word_1_663' title='bbox 1122 5099 1178 5160; x_wconf 90' lang='lat' dir='ltr'>est,</span> <span class='ocrx_word' id='word_1_664' title='bbox 1193 5094 1295 5167; x_wconf 88' lang='lat' dir='ltr'>ibique</span> <span class='ocrx_word' id='word_1_665' title='bbox 1310 5093 1340 5149; x_wconf 89' lang='lat' dir='ltr'>S.</span> <span class='ocrx_word' id='word_1_666' title='bbox 1357 5092 1440 5148; x_wconf 90' lang='lat' dir='ltr'>Petro</span> <span class='ocrx_word' id='word_1_667' title='bbox 1463 5091 1590 5162; x_wconf 92' lang='lat' dir='ltr'>oblatus,</span> <span class='ocrx_word' id='word_1_668' title='bbox 1604 5097 1633 5150; x_wconf 88' lang='lat' dir='ltr'>et</span> <span class='ocrx_word' id='word_1_669' title='bbox 1647 5092 1684 5149; x_wconf 92' lang='lat' dir='ltr'>ab</span> <span class='ocrx_word' id='word_1_670' title='bbox 1699 5091 1829 5167; x_wconf 80' lang='lat' dir='ltr'>liugenio</span> 
     </span>
    </p>

    <p class='ocr_par' dir='ltr' id='par_1_4' title="bbox 115 5163 1830 5525">
     <span class='ocr_line' id='line_1_56' title="bbox 155 5163 1830 5252; baseline -0.003 -27"><span class='ocrx_word' id='word_1_671' title='bbox 155 5170 212 5238; x_wconf 89' lang='grc'>(78)</span> <span class='ocrx_word' id='word_1_672' title='bbox 228 5168 290 5225; x_wconf 89' lang='lat' dir='ltr'>Huc</span> <span class='ocrx_word' id='word_1_673' title='bbox 314 5172 446 5242; x_wconf 88' lang='lat' dir='ltr'>spectant</span> <span class='ocrx_word' id='word_1_674' title='bbox 471 5167 556 5242; x_wconf 88' lang='lat' dir='ltr'>iperii</span> <span class='ocrx_word' id='word_1_675' title='bbox 581 5167 946 5241; x_wconf 80' lang='lat' dir='ltr'>verbacap.12:«llugo</span> <span class='ocrx_word' id='word_1_676' title='bbox 1002 5185 1078 5252; x_wconf 89' lang='lat' dir='ltr'>popa</span> <span class='ocrx_word' id='word_1_677' title='bbox 1105 5165 1259 5223; x_wconf 89' lang='lat' dir='ltr'>clericatus</span> <span class='ocrx_word' id='word_1_678' title='bbox 1288 5163 1580 5246; x_wconf 78' lang='lat' dir='ltr'>ordinemsuscapit</span> <span class='ocrx_word' id='word_1_679' title='bbox 1599 5179 1606 5219; x_wconf 90' lang='lat'>:</span> <span class='ocrx_word' id='word_1_680' title='bbox 1628 5180 1717 5237; x_wconf 88' lang='lat' dir='ltr'>quom</span> <span class='ocrx_word' id='word_1_681' title='bbox 1746 5167 1830 5247; x_wconf 87' lang='lat' dir='ltr'>pater</span> 
     </span>
     <span class='ocr_line' id='line_1_57' title="bbox 115 5233 1828 5299; baseline -0.004 -1"><span class='ocrx_word' id='word_1_682' title='bbox 115 5240 213 5298; x_wconf 84' lang='lat' dir='ltr'>abbas</span> <span class='ocrx_word' id='word_1_683' title='bbox 228 5239 398 5296; x_wconf 76' lang='lat' dir='ltr'>basilicas.</span> <span class='ocrx_word' id='word_1_684' title='bbox 414 5240 510 5296; x_wconf 81' lang='lat' dir='ltr'>Maris</span> <span class='ocrx_word' id='word_1_685' title='bbox 527 5239 667 5297; x_wconf 80' lang='lat' dir='ltr'>edituum</span> <span class='ocrx_word' id='word_1_686' title='bbox 684 5239 949 5296; x_wconf 89' lang='lat' dir='ltr'>constituitmona·</span> <span class='ocrx_word' id='word_1_687' title='bbox 1002 5239 1105 5296; x_wconf 82' lang='lat' dir='ltr'>exinde</span> <span class='ocrx_word' id='word_1_688' title='bbox 1120 5238 1241 5294; x_wconf 90' lang='lat' dir='ltr'>domum</span> <span class='ocrx_word' id='word_1_689' title='bbox 1271 5235 1397 5299; x_wconf 89' lang='lat' dir='ltr'>rediens,</span> <span class='ocrx_word' id='word_1_690' title='bbox 1412 5233 1461 5289; x_wconf 80' lang='lat' dir='ltr'>bic</span> <span class='ocrx_word' id='word_1_691' title='bbox 1480 5251 1511 5290; x_wconf 91' lang='lat' dir='ltr'>m</span> <span class='ocrx_word' id='word_1_692' title='bbox 1526 5233 1703 5292; x_wconf 84' lang='lat' dir='ltr'>monasterio</span> <span class='ocrx_word' id='word_1_693' title='bbox 1731 5233 1828 5293; x_wconf 82' lang='lat' dir='ltr'>Srtbiu</span> 
     </span>
     <span class='ocr_line' id='line_1_58' title="bbox 117 5306 1781 5385; baseline -0.004 -16"><span class='ocrx_word' id='word_1_694' title='bbox 117 5311 210 5369; x_wconf 90' lang='lat' dir='ltr'>chum</span> <span class='ocrx_word' id='word_1_695' title='bbox 226 5312 345 5368; x_wconf 89' lang='lat' dir='ltr'>nomine</span> <span class='ocrx_word' id='word_1_696' title='bbox 366 5311 480 5368; x_wconf 85' lang='lat' dir='ltr'>Morum</span> <span class='ocrx_word' id='word_1_697' title='bbox 494 5328 501 5367; x_wconf 77' lang='grc' dir='ltr'><strong>ι</strong></span> <span class='ocrx_word' id='word_1_698' title='bbox 514 5311 563 5384; x_wconf 84' lang='lat' dir='ltr'>qul</span> <span class='ocrx_word' id='word_1_699' title='bbox 586 5311 687 5368; x_wconf 88' lang='lat' dir='ltr'>Morus</span> <span class='ocrx_word' id='word_1_700' title='bbox 712 5315 811 5385; x_wconf 87' lang='lat' dir='ltr'>postea</span> <span class='ocrx_word' id='word_1_701' title='bbox 841 5326 947 5382; x_wconf 90' lang='lat' dir='ltr'>corpus</span> <span class='ocrx_word' id='word_1_702' title='bbox 1002 5311 1032 5368; x_wconf 88' lang='lat' dir='ltr'>S.</span> <span class='ocrx_word' id='word_1_703' title='bbox 1049 5310 1133 5366; x_wconf 90' lang='lat' dir='ltr'>Petro</span> <span class='ocrx_word' id='word_1_704' title='bbox 1148 5312 1307 5378; x_wconf 89' lang='lat' dir='ltr'>sanctoque</span> <span class='ocrx_word' id='word_1_705' title='bbox 1323 5306 1439 5362; x_wconf 89' lang='lat' dir='ltr'>Bertino</span> <span class='ocrx_word' id='word_1_706' title='bbox 1454 5306 1561 5362; x_wconf 90' lang='lat' dir='ltr'>obtulit</span> <span class='ocrx_word' id='word_1_707' title='bbox 1575 5306 1781 5363; x_wconf 88' lang='lat' dir='ltr'>monachum.»</span> 
     </span>
     <span class='ocr_line' id='line_1_59' title="bbox 116 5377 1829 5457; baseline -0.008 -15"><span class='ocrx_word' id='word_1_708' title='bbox 116 5384 151 5442; x_wconf 85' lang='lat' dir='ltr'>S.</span> <span class='ocrx_word' id='word_1_709' title='bbox 162 5383 322 5440; x_wconf 87' lang='lat' dir='ltr'>Audomari</span> <span class='ocrx_word' id='word_1_710' title='bbox 334 5383 448 5439; x_wconf 86' lang='lat' dir='ltr'>iuratus</span> <span class='ocrx_word' id='word_1_711' title='bbox 458 5388 502 5439; x_wconf 91' lang='lat' dir='ltr'>est</span> <span class='ocrx_word' id='word_1_712' title='bbox 517 5389 545 5440; x_wconf 90' lang='lat' dir='ltr'>et</span> <span class='ocrx_word' id='word_1_713' title='bbox 560 5383 591 5440; x_wconf 92' lang='lat' dir='ltr'>in</span> <span class='ocrx_word' id='word_1_714' title='bbox 605 5382 755 5456; x_wconf 84' lang='lat' dir='ltr'>privilegio</span> <span class='ocrx_word' id='word_1_715' title='bbox 768 5382 799 5438; x_wconf 88' lang='lat' dir='ltr'>B.</span> <span class='ocrx_word' id='word_1_716' title='bbox 813 5381 947 5454; x_wconf 82' lang='lat' dir='ltr'>Folquioi</span> <span class='ocrx_word' id='word_1_717' title='bbox 1038 5383 1094 5453; x_wconf 89' lang='grc'>(80)</span> <span class='ocrx_word' id='word_1_718' title='bbox 1109 5380 1175 5435; x_wconf 82' lang='lat' dir='ltr'>ileo</span> <span class='ocrx_word' id='word_1_719' title='bbox 1195 5379 1296 5434; x_wconf 87' lang='lat' dir='ltr'>charta</span> <span class='ocrx_word' id='word_1_720' title='bbox 1319 5377 1431 5433; x_wconf 87' lang='lat' dir='ltr'>eisdem</span> <span class='ocrx_word' id='word_1_721' title='bbox 1445 5377 1541 5435; x_wconf 85' lang='lat' dir='ltr'>verbis</span> <span class='ocrx_word' id='word_1_722' title='bbox 1556 5395 1589 5435; x_wconf 89' lang='lat' dir='ltr'>ac</span> <span class='ocrx_word' id='word_1_723' title='bbox 1605 5377 1739 5457; x_wconf 89' lang='lat' dir='ltr'>superior</span> <span class='ocrx_word' id='word_1_724' title='bbox 1762 5389 1829 5430; x_wconf 87' lang='lat' dir='ltr'>ooo·</span> 
     </span>
     <span class='ocr_line' id='line_1_60' title="bbox 116 5440 1829 5525; baseline -0.005 -11"><span class='ocrx_word' id='word_1_725' title='bbox 116 5455 199 5514; x_wconf 87' lang='lat' dir='ltr'>inter</span> <span class='ocrx_word' id='word_1_726' title='bbox 212 5458 302 5512; x_wconf 85' lang='lat' dir='ltr'>testes</span> <span class='ocrx_word' id='word_1_727' title='bbox 318 5453 510 5511; x_wconf 86' lang='lat' dir='ltr'>ascribitur.»</span> <span class='ocrx_word' id='word_1_728' title='bbox 1002 5456 1073 5521; x_wconf 78' lang='lat' dir='ltr'>stat,</span> <span class='ocrx_word' id='word_1_729' title='bbox 1087 5449 1258 5507; x_wconf 88' lang='lat' dir='ltr'>nominibus</span> <span class='ocrx_word' id='word_1_730' title='bbox 1283 5446 1395 5522; x_wconf 90' lang='lat' dir='ltr'>aliquot</span> <span class='ocrx_word' id='word_1_731' title='bbox 1416 5447 1521 5525; x_wconf 88' lang='lat' dir='ltr'>dieque</span> <span class='ocrx_word' id='word_1_732' title='bbox 1542 5466 1575 5509; x_wconf 90' lang='lat' dir='ltr'>ao</span> <span class='ocrx_word' id='word_1_733' title='bbox 1598 5447 1724 5508; x_wconf 84' lang='lat' dir='ltr'>termula</span> <span class='ocrx_word' id='word_1_734' title='bbox 1746 5440 1829 5505; x_wconf 79' lang='lat' dir='ltr'>unul</span> 
     </span>
    </p>

    <p class='ocr_par' dir='ltr' id='par_1_5' title="bbox 116 5519 1293 5679">
     <span class='ocr_line' id='line_1_61' title="bbox 157 5519 1293 5600; baseline 0.002 -19"><span class='ocrx_word' id='word_1_735' title='bbox 157 5527 215 5600; x_wconf 78' lang='grc'>(79)</span> <span class='ocrx_word' id='word_1_736' title='bbox 231 5526 428 5584; x_wconf 86' lang='lat' dir='ltr'>Guntbertnm</span> <span class='ocrx_word' id='word_1_737' title='bbox 443 5525 522 5583; x_wconf 90' lang='lat' dir='ltr'>bunc</span> <span class='ocrx_word' id='word_1_738' title='bbox 541 5524 642 5584; x_wconf 89' lang='lat' dir='ltr'>laudat</span> <span class='ocrx_word' id='word_1_739' title='bbox 662 5525 775 5599; x_wconf 86' lang='lat' dir='ltr'>lperius</span> <span class='ocrx_word' id='word_1_740' title='bbox 789 5540 854 5598; x_wconf 90' lang='lat' dir='ltr'>cap.</span> <span class='ocrx_word' id='word_1_741' title='bbox 870 5526 888 5580; x_wconf 89' lang='lat'>2</span> <span class='ocrx_word' id='word_1_742' title='bbox 901 5523 950 5582; x_wconf 91' lang='lat' dir='ltr'>his</span> <span class='ocrx_word' id='word_1_743' title='bbox 1003 5524 1148 5584; x_wconf 81' lang='lat' dir='ltr'>duntaxat</span> <span class='ocrx_word' id='word_1_744' title='bbox 1161 5519 1293 5583; x_wconf 72' lang='lat' dir='ltr'>montis.</span> 
     </span>
     <span class='ocr_line' id='line_1_62' title="bbox 116 5593 949 5679; baseline 0 -21"><span class='ocrx_word' id='word_1_745' title='bbox 116 5597 219 5666; x_wconf 77' lang='lat' dir='ltr'>verbis</span> <span class='ocrx_word' id='word_1_746' title='bbox 235 5615 262 5658; x_wconf 76' lang='lat' dir='ltr'>:e</span> <span class='ocrx_word' id='word_1_747' title='bbox 273 5598 334 5658; x_wconf 90' lang='lat' dir='ltr'>Sub</span> <span class='ocrx_word' id='word_1_748' title='bbox 349 5597 454 5656; x_wconf 67' lang='lat' dir='ltr'>mbate</span> <span class='ocrx_word' id='word_1_749' title='bbox 475 5595 624 5674; x_wconf 80' lang='lat' dir='ltr'>Fridogiso</span> <span class='ocrx_word' id='word_1_750' title='bbox 639 5600 774 5679; x_wconf 87' lang='lat' dir='ltr'>receptus</span> <span class='ocrx_word' id='word_1_751' title='bbox 798 5593 949 5658; x_wconf 73' lang='lat' dir='ltr'>euthicio</span> 
     </span>
    </p>
   </div>
   <div class='ocr_carea' id='block_1_4' title="bbox 284 5718 1716 5817">
    <p class='ocr_par' dir='ltr' id='par_1_6' title="bbox 284 5718 1716 5817">
     <span class='ocr_line' id='line_1_63' title="bbox 284 5718 1716 5817; baseline -0.002 -21"><span class='ocrx_word' id='word_1_752' title='bbox 284 5726 419 5797; x_wconf 71' lang='lat' dir='ltr'>Samon.</span> <span class='ocrx_word' id='word_1_753' title='bbox 439 5721 599 5794; x_wconf 68' lang='lat' dir='ltr'>taxat.</span> <span class='ocrx_word' id='word_1_754' title='bbox 1217 5812 1222 5817; x_wconf 20' lang='lat'><strong>¹</strong></span> <span class='ocrx_word' id='word_1_755' title='bbox 1630 5718 1685 5802; x_wconf 68' lang='lat' dir='ltr'>ta,</span> <span class='ocrx_word' id='word_1_756' title='bbox 1714 5728 1716 5732; x_wconf 83' lang='grc'><strong><em>·</em></strong></span> 
     </span>
    </p>
   </div>
   <div class='ocr_carea' id='block_1_5' title="bbox 0 0 1942 6084">
    <p class='ocr_par' dir='ltr' id='par_1_7' title="bbox 0 0 1942 6084">
     <span class='ocr_line' id='line_1_64' title="bbox 0 0 1942 6084; baseline 0 3"><span class='ocrx_word' id='word_1_757' title='bbox 0 0 1942 6084; x_wconf 95' lang='lat' dir='ltr'> </span> 
     </span>
    </p>
   </div>
  </div>
 </body>
</html>
