3892 6090
111 266 179 348 de,
601 269 843 337 elucescant
857 267 1132 337 conmeantes
1151 268 1341 335 llPlSGile
1766 263 1827 331 M

116 409 222 464 uteret
238 401 329 462 animi
343 403 448 462 lerocis
463 406 549 478 utque
566 406 788 480 indisciplinati,
804 424 862 465 nou
877 422 939 462 mo·
952 407 980 474 Α
1030 407 1075 463 48.
1090 405 1238 462 Arnaldus
1252 401 1465 478 Bugoariorum
1475 400 1825 472 etGarentancrumdux,

118 494 227 562 derata,
244 497 277 550 ut
297 494 411 566 debuit,
428 495 479 550 sed
495 495 634 552 effrenate
656 495 697 551 ita
713 495 890 568 respondit:
905 496 944 551 Nc
996 488 1828 567 eujussuperiusfecimusmentionem,cumuenmultum

118 584 243 656 inficiari
256 599 308 640 rec
319 586 405 657 pessit
418 601 463 640 mc
475 587 592 657 fratrem
603 602 683 640 serim
697 601 763 653 erac,
779 601 829 642 ece
843 600 944 641 cicccc
997 585 1033 641 ab
1049 584 1133 640 Italia
1145 582 1378 655 lougedistaret,
1402 580 1533 638 collectis
1559 580 1664 654 copiis,
1688 579 1828 653 quatinus

119 673 416 746 concrematumque
434 690 485 746 per
509 674 617 731 aditam
632 677 662 730 ie
687 676 776 732 lucem
796 674 942 747 prodiisse,
997 674 1111 748 Hugoni
1128 689 1251 745 regnum
1266 670 1394 728 auterret
1409 671 1527 728 advenit
1541 671 1601 743 (aa.
1616 669 1759 742 935).οιιί
1770 671 1830 727 Tri-

120 762 212 819 duelte
227 762 307 834 cupio
321 762 355 797 ‘⁴⁸
369 764 473 818 cunetis
486 761 660 818 cernentibus
673 760 943 833 cornprcburc.Quod
997 763 1149 820 declinam
1164 777 1198 817 ea
1212 779 1247 818 ex
1262 765 1344 833 parte
1359 759 1485 832 primam
1501 758 1589 816 ltalia
1613 775 1749 815 marcam
1764 775 1828 833 per·

120 851 342 935 renutaudivit,
354 851 490 923 jevenem
507 851 666 923 quendam,
693 851 860 907 'leudinum
891 866 943 907 no·
997 851 1155 918 transiens,
1169 849 1315 906 Veronam
1331 849 1573 922 usquepervonit.
1584 848 1830 922 lnquaaldilone

121 941 212 1008 mine,
228 940 324 1013 elegit,
341 939 392 1013 qui
408 956 474 996 cum
490 956 523 995 ee
542 939 618 995 bane
633 940 669 996 ob
684 956 746 996 rem
762 938 944 1013 singularem
998 941 1104 998 comite
1119 944 1208 1013 alque
1223 937 1338 995 staterio
1354 937 1492 1012 episeopo
1506 937 1644 1006 libenter,
1659 941 1694 994 ut
1704 937 1830 1012 quicum

120 1047 251 1105 pugnam
264 1029 419 1087 commisit.
434 1029 511 1086 Deus
526 1033 636 1096 alitem,
660 1029 711 1101 qui
722 1030 822 1101 justus
845 1032 899 1100 est,
915 1032 945 1085 ct
997 1032 1168 1098 invitarant,
1184 1027 1345 1101 suscipitur
1371 1027 1453 1093 Quod
1479 1044 1530 1085 rex
1553 1028 1638 1102 lingo
1655 1030 1689 1084 ut
1707 1026 1828 1094 audivit,

120 1123 232 1188 rectum
246 1124 291 1177 est
300 1119 450 1191 ,iudicium
465 1118 529 1190 ejus
541 1118 638 1190 (Paci.
651 1135 745 1187 exunt,
758 1119 831 1193 137),
842 1118 873 1174 in
886 1134 945 1190 quo
999 1120 1119 1179 collecto
1134 1119 1263 1176 exercitu
1277 1119 1304 1175 ei
1320 1116 1436 1176 obviam
1451 1118 1555 1175 tendit.

119 1224 178 1265 nou
189 1212 234 1264 est
247 1206 398 1280 iniquitas,
414 1211 447 1263 ut
457 1205 705 1279 amphibologiam
717 1206 899 1280 dirumperet
911 1223 944 1263 ac
1034 1210 1078 1267 49.
1105 1208 1239 1282 Cumque
1267 1209 1369 1265 eodem
1398 1207 1590 1281 pervenisset,
1614 1211 1647 1264 et
1672 1205 1832 1264 caballica-

118 1296 273 1355 ucritatem
288 1295 402 1353 eunetis
418 1296 594 1364 ostenderet,
611 1295 680 1352 lecit
694 1298 726 1351 ut
741 1296 943 1353 Teudinusei·
999 1305 1044 1357 tus
1060 1299 1143 1374 (112),
1173 1296 1307 1371 utvulgc
1338 1297 1431 1366 aiunt,
1455 1296 1649 1354 circumcirca
1676 1295 1831 1370 dirigeret,

119 1384 235 1443 tissime
251 1385 376 1452 caderet,
392 1388 422 1441 et
433 1385 606 1457 Lampertus
624 1384 776 1442 victoriam
789 1385 943 1443 obtineret.
999 1388 1208 1462 Bagoariorum
1224 1386 1359 1460 quadam
1375 1403 1444 1460 pars
1460 1403 1518 1443 non
1534 1385 1661 1443 minima
1674 1385 1713 1466 de
1735 1390 1831 1449 eostur

121 1473 318 1542 Quamobrem
331 1491 380 1529 rex
391 1475 472 1546 Hugo
483 1472 944 1531 nenmediocriterestcuufusus.
998 1476 1140 1534 vocabulo
1155 1476 1342 1550 Guuseningo
1362 1476 1524 1550 egrediens,
1549 1492 1616 1533 eum
1641 1473 1832 1533 italiensibus

121 1561 249 1621 Concilio
266 1566 364 1619 autem
373 1566 504 1635 accepto,
515 1563 641 1620 eundem
653 1563 840 1621 Lambertum
852 1564 947 1621 tenuit
999 1582 1130 1641 pugnare
1146 1566 1232 1639 cepit.
1248 1565 1395 1638 equibus
1409 1564 1536 1638 gratita
1556 1565 1710 1633 confosse,
1736 1563 1786 1621 six
1800 1581 1832 1622 ex

80 1698 84 1705 .
121 1656 151 1712 et
166 1651 304 1728 custodie
319 1651 449 1710 tradidit.
471 1652 622 1710 Timuerat
636 1653 725 1720 enim,
741 1670 788 1722 ue,
810 1653 836 1710 si
855 1670 886 1711 se
902 1653 947 1710 di·
1000 1673 1044 1726 ea,
1060 1655 1104 1712 vel
1121 1656 1171 1728 qui
1187 1655 1242 1711 huc
1257 1655 1368 1712 caeteris
1382 1654 1541 1722 nuntiamt,
1556 1654 1661 1712 evasit.
1684 1655 1833 1722 Quaexre

123 1743 264 1816 mitteret,
289 1759 413 1818 regnum
439 1743 481 1799 illi
503 1725 639 1800 adferret.
658 1743 715 1799 lloc
738 1742 828 1815 igitur
852 1746 946 1816 capto,
961 1784 985 1850 B
999 1744 1146 1802 Arnaldus
1161 1744 1221 1798 dua
1236 1760 1293 1800 non
1308 1760 1397 1816 parva
1411 1746 1458 1800 est
1471 1743 1644 1801 contusione
1652 1742 1798 1811 repletus.

122 1834 228 1892 Beseni
243 1833 326 1891 fratri
345 1850 399 1889 suo
415 1832 528 1890 Tuscia
551 1847 680 1889 marcam
707 1830 905 1900 contradidit;
920 1836 949 1888 et
1037 1833 1073 1890 5fl
1087 1834 1131 1888 ²⁶⁰.
1148 1832 1230 1889 Unde
1248 1832 1358 1902 iactum
1372 1833 1405 1868 ¹⁶¹
1420 1835 1474 1901 est,
1494 1836 1526 1890 ut
1550 1831 1675 1890 consilio
1701 1837 1832 1907 wopa

126 1939 185 1979 non
200 1922 292 1979 multo
307 1928 374 1994 post
388 1922 597 1978 Lambertuum
613 1920 724 1977 lumine
740 1920 871 1992 privavit.
1003 1923 1141 1980 Milonem
1156 1922 1292 1979 comitem
1305 1921 1392 1979 vellet
1407 1939 1511 1997 capere
1525 1926 1613 1996 atque
1628 1922 1720 1983 ltalia
1730 1922 1832 1981 dereli-

157 2012 202 2066 47.
217 2009 270 2066 His
279 2009 460 2087 temporibus
475 2007 625 2066 italienses
648 2009 678 2064 in
694 2009 895 2082 Burgundiam
911 2010 947 2067 ob
1003 2018 1050 2069 eta
1063 2029 1164 2069 secum
1180 2010 1263 2068 illum
1279 2011 1309 2067 in
1322 2012 1494 2086 bagoariam
1507 2012 1624 2081 ducere,
1637 2011 1833 2086 quatinuere·

122 2098 293 2167 liudulfum,
309 2103 342 2155 ut
357 2098 503 2167 adveniat,
520 2097 651 2154 mittunt.
663 2098 743 2166 Quod
754 2098 839 2172 Hugo
855 2115 905 2154 rex
916 2103 950 2155 ut
1003 2105 1103 2176 parato
1119 2101 1257 2170 exercitu,
1272 2118 1340 2158 eum
1355 2117 1388 2159 eo
1404 2102 1511 2158 iterum
1526 2101 1830 2175 poenitendis-equod

124 2188 252 2264 agnovit,
265 2188 377 2244 nuntiis
388 2188 424 2244 ad
435 2188 559 2244 eundem
571 2186 701 2253 directis,
713 2204 830 2245 omnem
838 2192 948 2246 terram
1004 2190 1142 2248 Milonem
1158 2208 1216 2246 non
1227 2190 1322 2247 latuit.

125 2296 215 2353 quam
229 2277 260 2334 in
276 2277 370 2336 Gallia
384 2281 453 2335 ante
468 2278 550 2351 regni
563 2277 780 2351 susceptionem
797 2279 830 2314 ¹⁴⁹
842 2278 947 2348 tenuit,
1039 2282 1083 2337 41.
1099 2279 1153 2347 Qui
1167 2280 1289 2337 diversis
1300 2280 1672 2354 cogitationibusestuane,
1686 2279 1830 2354 quidese

105 2376 108 2381 '
127 2367 251 2427 bedullo
267 2367 357 2434 dedit,
374 2371 462 2440 atque
483 2368 519 2424 ab
542 2384 576 2423 eo
596 2367 820 2440 jusjurandum,
844 2385 880 2424 ne
895 2367 949 2424 uli·
1003 2374 1047 2426 ret
1061 2368 1189 2442 poenitus
1203 2369 1367 2443 ignorabat.
1384 2370 1537 2445 Hugonem
1561 2385 1672 2444 regem,
1697 2368 1787 2444 pinne
1800 2373 1829 2426 ut

126 2459 246 2532 quando
257 2457 288 2513 in
304 2456 417 2513 ltaliam
428 2455 550 2525 veniret,
562 2456 949 2530 accepitNecminusctiam
1004 2463 1161 2529 meruerat,
1176 2458 1257 2515 adire
1272 2458 1403 2528 timebat;
1420 2477 1487 2516 cum
1502 2460 1628 2517 ernaldo
1645 2475 1716 2516 vero
1735 2459 1765 2515 ia
1779 2459 1828 2515 Βι·

126 2547 408 2621 Heinricum,quern
423 2563 513 2620 supra
528 2546 766 2616 memoravimus,
782 2546 949 2620 regemsor·
1003 2549 1135 2623 goarium
1149 2548 1227 2619 duci,
1249 2565 1307 2605 non
1337 2548 1436 2606 solum
1461 2553 1584 2606 mortem
1599 2549 1653 2606 sed
1680 2548 1827 2606 internam

126 2637 289 2708 tissimum,
304 2635 407 2693 multis
422 2634 537 2692 collatis
553 2636 725 2692 muneribus
740 2635 869 2691 amicum
893 2635 949 2692 sibi
1004 2639 1135 2712 putabat.
1153 2639 1211 2694 tiae
1219 2636 1318 2710 itaque
1329 2638 1568 2712 inambiguitate,
1582 2636 1828 2712 queniamregent

128 2726 281 2793 effecerat;
298 2726 384 2796 cujus
399 2742 433 2781 ex
444 2724 499 2780 hoc
511 2724 589 2797 apud
605 2725 692 2781 Iulos
707 2741 813 2781 nomen
825 2724 951 2781 nraxime
1004 2728 1157 2800 Hugonem
1169 2726 1226 2783 elle
1237 2725 1562 2785 misericerdianoverat
1570 2725 1721 2797 inclinari,
1735 2725 1828 2784 brusl-

129 2818 201 2871 tunc
215 2813 353 2883 clarebat,
371 2814 450 2885 quod
477 2814 583 2882 Danas,
609 2812 682 2868 nulli
699 2816 765 2869 ante
789 2813 949 2885 subjectos,
1004 2817 1076 2874 dum
1091 2816 1200 2890 fugere,
1215 2820 1244 2873 et
1259 2816 1296 2873 ad
1313 2816 1673 2874 eumdeliberattendere.
1685 2816 1827 2873 ernaldus

127 2901 210 2959 solue
225 2903 288 2976 ipse
303 2900 461 2958 debellaret
470 2918 503 2959 ae
511 2901 684 2958 tributarios
691 2902 797 2958 faceret
805 2914 863 2976 (ca.
875 2902 950 2975 934).
1004 2923 1081 2973 vero,
1097 2904 1386 2978 proutcitiuspotuit,
1396 2905 1825 2979 inBagoariamcstregreoeue.

126 2989 950 3065 Estenimgeneindomita,subseptemtrioneinoeeane
1006 2994 1321 3062 Munitiouemautem,
1347 2995 1454 3066 quaein
1484 2995 1586 3052 eudem
1616 2993 1739 3052 ciuitate
1759 2998 1825 3062 erat,

126 3081 244 3154 degens,
264 3080 350 3152 eujus
361 3080 464 3136 sevitia
475 3079 635 3136 multarum
645 3096 721 3153 supe
730 3080 860 3154 gentium
871 3081 952 3138 nobi·
1004 3083 1086 3157 prius
1101 3098 1286 3156 oppugnans,
1302 3083 1422 3141 fratrem
1436 3083 1552 3141 Milonis
1567 3082 1740 3156 militesque
1747 3098 1823 3149 euos.

126 3168 502 3241 litaaluxit.llialiquandc
513 3169 657 3226 classibus
668 3187 718 3242 per
732 3170 825 3226 Rheni
845 3155 984 3229 sevitiaG
1004 3173 1054 3246 qui
1069 3189 1134 3229 eam
1149 3171 1304 3230 defendere
1312 3173 1493 3231 conabantur
1501 3187 1601 3231 secum
1610 3172 1641 3228 in
1657 3173 1825 3246 aaronem

126 3258 258 3316 fluminis
266 3257 382 3316 meeum
393 3259 632 3327 conscendentes,
644 3260 720 3315 ferro
730 3264 759 3316 et
768 3259 828 3333 igni
843 3264 949 3318 cuneta
1004 3263 1098 3320 duxit.

126 3349 232 3407 misere
241 3347 408 3418 laniarunt;
421 3349 501 3421 ipsas
511 3347 840 3422 iusupernobilissimas
851 3349 949 3407 civita·
1037 3352 1082 3406 52.
1092 3350 1126 3386 ¹⁸²
1141 3350 1202 3415 Quo
1217 3349 1435 3418 discedente¹¹⁸,
1451 3349 1638 3424 Hugoui‘regi
1652 3351 1825 3408 moxciuitss

125 3437 381 3513 tes‚Agrippinam
401 3455 464 3510 que
485 3455 564 3495 nunc
578 3437 696 3494 Colonia
714 3442 842 3505 vocatur,
860 3443 948 3513 atque
1003 3439 1145 3508 redditur,
1161 3443 1189 3496 et
1204 3437 1339 3496 liuterius
1354 3437 1826 3513 ejusdem-civitatisepiseepuesb

125 3528 273 3586 Treverim
297 3527 384 3602 louge
406 3544 425 3584 a
446 3527 547 3584 Rheno
571 3527 707 3601 positam,
733 3528 948 3602 nonnullasque
1002 3545 1036 3585 eo
1051 3532 1165 3601 eaptus,
1181 3528 1268 3600 Papia
1285 3526 1369 3585 exilio
1385 3527 1536 3602 religetur.
1553 3528 1661 3600 Inque
1677 3528 1771 3587 faceta
1783 3542 1824 3586 st

125 3617 200 3677 alias
213 3617 244 3674 in
264 3632 353 3690 regno
378 3616 507 3674 Letharii
531 3616 710 3674 debellantes
738 3617 765 3672 vi
787 3623 945 3691 ceperunt,
1002 3618 1040 3675 tis
1053 3617 1217 3674 urbanitate
1232 3617 1267 3673 de
1283 3616 1361 3673 exilii
1376 3617 1422 3674 sui
1437 3633 1572 3674 erumnas
1587 3616 1700 3674 librum
1711 3634 1825 3693 compo-

125 3707 298 3780 eunotisqne
314 3706 429 3775 ablatis,
446 3723 481 3763 oa
492 3724 556 3780 qua
566 3722 666 3763 secum
681 3707 793 3764 deferre
803 3724 861 3764 non
871 3715 949 3781 pote·
1002 3723 1070 3765 nere
1085 3707 1278 3779 capitonem
1293 3707 1318 3764 si
1334 3707 1402 3779 quis
1417 3705 1529 3781 legerit,
1547 3705 1710 3764 nonnullas
1724 3707 1823 3765 ibibsu

125 3801 203 3865 rant,
218 3796 454 3853 combusserunt.
470 3797 612 3853 Thermas
627 3797 716 3853 etiam
731 3796 819 3853 Grani
833 3797 946 3870 palatii,
1000 3797 1058 3853 sub
1071 3794 1222 3853 emasioue
1247 3811 1294 3851 res
1317 3795 1459 3869 expolitas
1486 3793 1625 3863 iuveniat,
1641 3811 1711 3869 quae
1732 3795 1823 3871 legen·

125 3888 213 3957 atque
223 3882 332 3956 palatia
341 3885 587 3956 combusserunt(
594 3886 663 3950 111).
674 3885 850 3954 Verum,his
860 3887 949 3945 omis·
1000 3887 1076 3942 tium
1091 3882 1289 3942 intellectibus
1300 3883 1585 3958 conminueplaeere
1595 3888 1823 3960 poteruntquan

126 3973 180 4044 sis,
194 3973 230 4031 ad
246 3972 386 4030 narrandi
400 3973 506 4050 seriem
521 3973 687 4032 redeamus.
1001 3976 1150 4049 prodesse.

713 4131 841 4173 exemere
859 4133 943 4175 ninas
960 4118 1242 4176 marcescebant.

615 4258 816 4324 luctemur
837 4262 1032 4326 cantuum
1053 4259 1158 4322 LIBRI
1180 4259 1340 4331 Quaeri.

124 4413 151 4470 1.
168 4413 209 4471 De
221 4429 255 4471 eu
271 4413 350 4485 quod
365 4428 444 4469 nune
459 4426 555 4485 usque
569 4411 721 4485 scripserit
735 4412 948 4487 audita,scrip-
964 4416 988 4482 1)
1057 4411 1215 4469 commissa
1230 4426 1441 4484 pugnaemnes
1456 4412 1589 4484 pereunt.
1805 4472 1809 4479 ,

158 4502 360 4561 turueamode
375 4498 408 4538 ²¹⁵⁸
423 4501 495 4558 visa.
598 4573 600 4578 Ι
1002 4504 1084 4559 5.1n
1117 4500 1261 4558 lennensi
1294 4499 1411 4556 civitate
1444 4499 1511 4557 fons
1550 4498 1706 4574 sanguinis
1738 4496 1822 4575 duait.

122 4593 150 4650 2.
166 4591 226 4650 lter
265 4592 347 4666 Hugo
385 4591 479 4649 silium
513 4607 601 4648 suum
635 4590 805 4648 Letharium
845 4606 945 4664 regern
1055 4607 1113 4663 quo
1146 4607 1223 4646 anuo
1256 4589 1292 4646 ab
1328 4588 1475 4646 Africanis
1510 4591 1599 4662 capta
1632 4594 1682 4648 eet
1712 4589 1824 4649 &aas

159 4679 320 4749 constituit,
336 4684 366 4738 et
380 4680 504 4739 Romam
519 4696 585 4736 cum
602 4678 730 4736 exercitu
747 4680 851 4753 pergit.
1056 4680 1112 4736 nis.
1736 4738 1739 4743 ,

123 4768 150 4823 3.
167 4768 228 4825 Rex
242 4767 324 4842 Hugo
340 4768 431 4825 filiam
461 4785 546 4826 suam
561 4767 686 4825 alberico
712 4769 868 4842 conjugem
884 4769 944 4840 dat,
1002 4773 1028 4825 d.
1058 4769 1121 4834 Oua
1149 4766 1264 4827 ratione
1291 4767 1441 4825 Manassae
1469 4764 1650 4825 calcensis
1674 4754 1824 4842 spensa·

160 4861 194 4913 ut
207 4855 306 4929 ipsum
320 4872 372 4929 per
386 4873 451 4914 eam
466 4857 602 4932 decipiat.
1055 4856 1203 4931 propriam
1219 4855 1363 4913 eclesiam
1379 4855 1549 4914 deseruisse
1559 4854 1825 4923 adnatantes

124 4946 151 5001 4.
167 4944 304 5004 Smaoeui
319 4945 355 5002 da
383 4946 541 5004 Fraxeneto
567 4947 666 5019 Aquas
690 4944 824 5015 veniunt,
853 4946 947 5004 ubist
1055 4944 1268 5019 absumpsisse,
1284 4944 1824 5019 etquodinvsctivarespessiosomte

812 5059 934 5118 VARIAE
955 5060 1152 5118 cucurbitus

158 5148 240 5204 ²⁴⁸cu
264 5148 290 5203 io
306 5149 331 5204 1.
369 5146 665 5220 ¹⁸⁹suseptionem.1,
703 5148 1190 5221 ‘waiciedtoemrocotcscaputee
1207 5149 1320 5219 incipio.
1360 5148 1392 5183 ¹⁶¹
1408 5148 1546 5204 lectulut
1588 5147 1820 5221 ”modestiora

122 5220 229 5275 intrare
283 5217 444 5275 unitionem
465 5226 547 5291 ceput
569 5219 618 5275 laec
638 5220 745 5291 incipit.
784 5220 819 5255 ²⁶³
835 5221 949 5277 dicente
965 5216 990 5277 1.
1028 5219 1182 5275 ‘eomodo
1204 5220 1229 5274 1.
1246 5235 1345 5276 menas
1362 5217 1818 5278 tamesemndclineamdrotu

121 5290 232 5348 lincolia
247 5292 409 5347 bcasversrs
422 5293 462 5346 itu
476 5290 584 5358 deleuit,
601 5299 633 5346 ut
642 5291 673 5346 in.
686 5289 777 5346 codice
791 5294 817 5346 2.
835 5289 967 5350 clamodo
981 5292 1066 5349 scribi
1077 5291 1207 5364 potuerit.

905 5409 1018 5467 NOTAE.

157 5493 231 5566 (111)
247 5494 287 5551 Gt.
303 5496 377 5550 Ann.
393 5493 577 5560 vedastinos,
595 5511 720 5566 quorum
737 5498 881 5555 sententia
912 5514 944 5554 c·
994 5497 1052 5555 ruli
1065 5497 1173 5569 public
1187 5493 1250 5551 loco
1262 5494 1401 5568 palatium
1416 5511 1519 5555 ansam
1535 5495 1661 5555 rorasse
1674 5493 1765 5553 dedit.

123 5566 659 5640 lactucaequerepemetuilics..iprie
673 5515 944 5643 neerompfu-
1035 5569 1112 5640 1112)
1126 5565 1265 5640 Equitum
1281 5570 1405 5624 turmas.
1443 5615 1446 5621 .
