3876 6084
119 295 177 365 177
601 296 928 381 PRAELOOUIORUM
948 303 1053 381 ursel
1073 307 1295 376 sua-ute.
1318 305 1344 376 1.
1765 308 1829 393 170
1862 377 1869 386 „

119 432 416 511 foedioribuscepere
424 433 539 498 valeant
548 439 942 513 generibusinstitutionum.
956 444 985 512 Α
999 445 1140 502 virtutum
1151 445 1283 519 generari
1294 445 1455 505 debuerant
1465 443 1589 521 soboles,
1597 442 1724 507 inaniter
1732 447 1826 507 37133-

120 527 242 594 Quidam
257 543 336 594 vero,
347 526 443 592 verbis
453 530 486 583 ut
496 528 524 585 id
534 528 942 604 referamdureliidugustini,
998 535 1081 603 dens,
1098 535 1162 608 ipse
1176 534 1221 593 sui
1237 536 1438 609 superfluitate
1448 537 1563 595 steriles
1573 538 1694 597 reddere
1705 538 1823 597 eoadem

118 620 205 673 teuta
216 621 288 674 sunt
297 616 452 686 fatuitatis,
460 621 493 672 ut
507 618 594 690 paulo
611 618 710 674 minus
721 618 856 675 differant
870 637 944 692 ape·
998 624 1126 687 cernitur
1141 624 1299 683 auditores,
1316 625 1426 682 Herum
1441 627 1600 700 quinifaria
1613 645 1680 685 cum
1696 628 1735 684 sit
1748 627 1822 685 divi·

117 706 244 763 coribus.
252 706 329 761 Sunt
338 722 404 762 vero
416 706 465 762 aiii
477 711 537 763 tarn
558 706 642 781 agilis
662 707 826 765 intellectus
839 712 867 764 et
880 714 942 765 stu·
998 712 1052 778 370,
1069 730 1128 768 una
1141 714 1241 770 virtuti
1258 714 1313 786 (66)
1330 713 1456 772 7777177370
1466 716 1581 772 videtur
1595 717 1822 787 solummodmid

117 795 169 864 dii,
184 799 218 850 ut
231 811 309 868 sepe
324 794 441 868 proprie
457 812 544 852 sensu
561 801 590 852 et
603 797 713 863 studio,
727 798 815 853 etiarn
831 799 943 870 majora
997 806 1041 857 est
1056 818 1124 857 eum
1137 802 1260 874 quilibet
1275 808 1335 860 tam
1351 804 1481 860 ardentis
1496 809 1541 861 est
1562 805 1722 875 charitatis,
1739 809 1772 862 ut
1796 805 1823 862 si

117 883 384 960 percipiant‚qnam
397 901 414 939 3
425 884 573 958 magistris
583 885 839 942 didicerunt.Sunt
854 888 941 942 etiam
996 890 1059 946 fieri
1075 890 1276 964 possit,totum
1286 909 1318 949 se
1328 893 1548 950 transfunderet
1560 894 1590 950 in
1605 911 1655 951 cor
1665 894 1824 963 audientis,

117 975 168 1049 qui
180 971 301 1031 difficile
317 972 447 1045 capiunt,
460 977 488 1029 et
500 973 584 1030 facile
595 975 810 1047 perdunt.Suut
825 974 875 1046 qui
886 974 941 1030 7171-
992 978 1078 1050 J'uxta
1093 977 1164 1034 illud
1179 979 1308 1051 Apostoli
1321 982 1395 1036 :l'olo
1410 998 1501 1039 07777700
1515 983 1578 1054 fieri
1590 985 1662 1041 sicut
1675 1000 1718 1041 me
1733 986 1835 1056 7007707,

116 1062 232 1120 froniter
245 1061 366 1134 quidem
382 1061 540 1134 capientes,
560 1068 645 1135 cepta
668 1061 781 1119 fortiter
804 1063 939 1120 retinent.
1000 1066 1231 1140 (160r.v11,7);
1262 1072 1311 1124 et:
1332 1068 1608 1143 Oanoatrumpoteot
1620 1072 1726 1139 077003,
1743 1072 1823 1130 oCo·

115 1157 189 1210 Sunt
204 1151 254 1225 qui
271 1151 356 1207 facile
371 1151 500 1224 capiunt,
517 1150 633 1208 facilius
648 1152 796 1209 amittunt.
807 1153 881 1209 Sunt
891 1153 941 1225 qui
994 1157 1104 1222 cinthii,
1120 1172 1166 1212 cor
1179 1165 1303 1214 cestrum
1316 1158 1463 1214 dilatatam
1477 1167 1527 1231 est,
1542 1178 1597 1217 noa
1618 1161 1822 1231 augustiamini

116 1240 254 1298 facillime
273 1239 403 1312 capiunt,
429 1239 601 1297 difficillime
624 1241 774 1297 amittunt.
790 1241 842 1298 His
865 1241 940 1297 nibil
996 1247 1024 1300 ia
1040 1246 1129 1312 nobis,
1145 1262 1206 1301 cum
1220 1248 1421 1316 33077377αηὶ777
1445 1249 1476 1303 ic
1498 1250 1646 1305 0730077737
1663 1251 1760 1306 vestris
1785 1251 1823 1321 (fl

113 1330 192 1388 aliud
209 1346 286 1403 epus
296 1334 341 1386 est
351 1329 603 1400 insinuare,quam
615 1332 648 1385 ut
657 1333 812 1403 praepetem
824 1330 940 1403 agilita-
996 1333 1056 1389 Cor.
1071 1351 1108 1401 vr,
1120 1335 1164 1402 77,
1181 1335 1235 1403 12);
1253 1335 1338 1407 quasi
1352 1335 1485 1405 dixisset,
1502 1335 1569 1393 licet
1583 1341 1710 1410 anguste
1724 1336 1821 1394 sitar-

112 1423 172 1477 tem
183 1436 291 1476 sensus
303 1418 395 1476 studii
406 1418 542 1475 exercitio
553 1417 695 1486 nutriant,
710 1436 744 1475 ne
755 1436 812 1475 neu
826 1420 939 1476 discen·
995 1438 1029 1476 ca
1043 1421 1139 1477 cordis
1149 1421 1236 1478 vestri
1246 1439 1309 1496 que
1321 1423 1427 1496 capiat,
1442 1439 1500 1480 uon
1516 1429 1561 1481 est
1576 1430 1702 1500 augusta
1713 1442 1821 1483 manus

113 1510 149 1567 do
159 1509 239 1581 quod
251 1506 392 1575 331037,οι
402 1511 549 1564 auctorem
560 1505 772 1580 ingratitudine
780 1508 939 1578 oflendunt,
994 1509 1145 1565 charitatis
1161 1526 1224 1582 qua
1239 1509 1352 1566 fundet.
1361 1511 1458 1570 Altera
1472 1512 1576 1569 divisio
1589 1514 1697 1573 servire
1706 1514 1822 1585 videtur

112 1603 141 1654 et
150 1596 299 1669 sapientia
309 1595 403 1663 vacui,
414 1612 514 1668 poenas
524 1612 576 1668 pro
587 1599 754 1668 contemptu
764 1598 940 1670 quandoque
995 1597 1166 1666 adulationi,
1179 1599 1250 1655 dum
1265 1597 1388 1672 quilibet
1402 1600 1458 1655 sub
1474 1601 1569 1673 specie
1583 1601 1705 1660 docendi
1719 1602 1820 1660 volens

111 1685 274 1744 exsolvant.
291 1683 408 1740 Ceteris
433 1701 500 1741 vero
522 1701 573 1756 070
598 1688 684 1758 captu
709 1685 895 1758 singulorum
911 1689 940 1742 et
994 1686 1108 1760 placere
1119 1691 1271 1761 potentum
1287 1687 1385 1755 alicui,
1399 1687 1560 1748 introducit
1574 1695 1746 1764 satyram,et
1759 1690 1820 1749 vio·

110 1775 254 1833 varietate
270 1771 473 1844 intellectuum
491 1772 635 1830 moderari
651 1773 755 1829 debere
777 1775 891 1831 noveris
912 1781 940 1830 et
994 1776 1036 1834 lat
1049 1774 1223 1833 doctrinam.
1235 1776 1332 1834 Tertia
1347 1778 1473 1836 avaritia
1497 1778 1726 1853 deprehenditur
1738 1779 1818 1838 mili·

110 1866 257 1938 precepta
272 1861 505 1934 disciplinarum,
522 1877 569 1930 ne,
587 1861 611 1919 si
627 1862 795 1936 incapibilia
809 1863 852 1920 eis
866 1862 938 1919 velis
954 1814 1064 1934 Btare3
1075 1864 1160 1921 multi
1176 1863 1254 1921 euim
1269 1864 1344 1923 lucri
1359 1867 1481 1936 ambitu,
1489 1867 1614 1942 tegenda
1628 1867 1744 1939 silentio
1753 1885 1818 1941 veu-

110 1954 245 2027 ingerere
254 1951 648 2023 doctrinarum,prefundius
658 1951 796 2009 cecitatis
808 1951 939 2009 incidant
993 1954 1067 2011 dunt
1080 1954 1503 2029 loquendaouartajectantiae
1514 1955 1673 2030 specialius
1682 1956 1817 2031 obsequi·

110 2041 314 2118 gurgustium.
330 2043 404 2113 Lege
416 2038 526 2097 librum
538 2039 937 2114 Augustinisolilequierum,
992 2047 1051 2109 tur,
1068 2060 1136 2100 num
1152 2047 1185 2099 ut
1200 2043 1326 2101 multum
1343 2044 1411 2117 quis
1426 2045 1500 2102 seire
1510 2045 1819 2122 videatur,aperitsa·

109 2138 140 2190 et
156 2132 195 2188 ibi
210 2129 469 2199 evidena‚89buic
481 2134 579 2186 tamen
590 2134 690 2186 nostro
701 2147 759 2186 neu
770 2131 937 2197 dissonans,
994 2133 1114 2206 pissime
1131 2133 1208 2205 quod
1224 2133 1366 2189 debuerat
1379 2132 1483 2204 celare,
1496 2137 1597 2193 contra
1612 2133 1684 2191 illud
1699 2134 1821 2195 Psalmi·

108 2221 242 2278 iuvenies
254 2237 343 2294 super
353 2220 408 2275 isto
421 2218 587 2275 consilium.
599 2219 707 2275 Verum
719 2218 841 2274 forsitan
857 2219 939 2275 deest
994 2226 1045 2277 stes
1062 2239 1068 2277 :
1085 2223 1117 2276 le
1128 2222 1208 2278 007770
1220 2238 1279 2278 roco
1300 2221 1429 2279 0700077777
1445 2222 1556 2294 eloquio
1566 2228 1628 2290 too,
1644 2231 1743 2295 77777077
1755 2239 1820 2296 pce*

108 2311 226 2385 [30777007
235 2309 311 2365 171707
320 2308 491 2382 Augustini]
502 2324 553 2363 nec
564 2306 639 2364 valet
649 2307 771 2364 inveniri
784 2306 939 2381 quesitus?
993 2327 1051 2367 00777
1067 2312 1119 2366 7777
1134 2311 1218 2383 (Psoi.
1234 2327 1331 2376 cxvur,
1345 2311 1373 2367 11
1379 2314 1400 2380 );
1413 2310 1490 2368 unde
1506 2315 1535 2368 et
1547 2312 1819 2385 Augustinuscum·
1903 2353 1913 2374 .

106 2400 241 2457 Dicimus
251 2397 315 2466 tibi,
328 2397 414 2453 sicuti
428 2396 457 2451 in
474 2412 508 2451 eo
523 2395 733 2469 legimus,quia
748 2396 851 2452 ordine
866 2412 939 2468 quo·
994 2399 1062 2455 dem
1075 2397 1252 2455 versiculum
1268 2399 1438 2471 exqonendo
1455 2417 1461 2453 :
1479 2400 1533 2468 Qui
1543 2416 1647 2456 370000
1660 2398 1817 2472 iuquit,di-

110 2491 182 2547 uam
198 2488 235 2544 ad
250 2485 423 2560 sapientiam
440 2484 600 2558 pervenire,
616 2485 697 2540 boum
713 2483 857 2557 diciplina
875 2485 938 2540 offr-
993 2488 1100 2557 001007,
1116 2488 1257 2542 imminuit
1285 2488 1387 2543 Christi
1410 2486 1552 2553 decorem
1566 2486 1674 2560 quibus
1689 2487 1763 2545 satis
1776 2486 1817 2543 le·

109 2578 189 2636 cium
205 2580 270 2642 est;
287 2575 352 2631 sine
368 2574 469 2632 ordine
484 2577 582 2631 sutem
596 2574 644 2629 vix
658 2572 807 2630 credibilis
822 2573 941 2630 felicita·
995 2575 1063 2648 pide
1078 2573 1150 2630 illud
1166 2574 1294 2632 concinit
1307 2579 1397 2648 poete
1412 2575 1517 2631 Persii:
1534 2577 1620 2648 Usque
1633 2575 1698 2639 odeo
1712 2591 1757 2649 770,
1773 2574 1818 2632 in·
1832 2638 1834 2643 ,

108 2668 148 2726 tis
177 2656 362 2739 [sffelicitas]
383 2682 389 2720 :
415 2663 553 2736 quocirca
578 2663 687 2719 suadeo
712 2661 777 2719 illos
804 2663 940 2734 superius
996 2664 1111 2736 quiens,
1127 2666 1198 2720 00770
1209 2671 1287 2720 tuom
1303 2663 1376 2719 37777
1390 2672 1438 2735 eet,
1450 2667 1508 2720 etat
1522 2673 1548 2721 tc
1560 2665 1631 2722 scire
1646 2664 1695 2723 boc
1703 2665 1821 2722 scistel-

108 2772 265 2831 expressos
276 2754 315 2825 [id
329 2756 373 2809 est
388 2751 556 2825 discipulos]
574 2754 654 2808 tento
669 2752 807 2808 doctrine
822 2751 940 2825 ingenio
995 2752 1244 2818 terAttQuintam
1259 2769 1326 2808 vero
1336 2752 1443 2808 berum
1453 2756 1566 2826 partem
1581 2753 1833 2811 incautasolum-·

111 2845 242 2915 tractari,
258 2848 293 2899 ut
307 2859 387 2900 more
403 2842 597 2908 medicorum,
614 2841 664 2913 qui
687 2840 879 2915 lippientibus
894 2858 940 2897 so·
996 2842 1082 2898 medo
1097 2841 1260 2913 loquacitas
1276 2840 1385 2909 efficit,
1402 2841 1534 2914 plerique
1554 2842 1643 2909 enim,
1661 2843 1732 2899 dum
1757 2842 1821 2899 siue

111 2941 180 3010 ptus
187 2931 323 2993 7700777773
332 2932 375 2988 373
385 2931 640 2998 efferatur3deinde
655 2930 798 3003 quianon
814 2929 940 2986 multum
996 2928 1194 2986 moderatione
1208 2918 1340 3002 linguam
1356 2929 1503 2986 incautius
1517 2929 1663 3004 loquendo
1679 2929 1820 2999 relaxent,

113 3025 244 3098 quidem,
260 3021 365 3078 fortius
378 3026 491 3085 tamem
508 3025 572 3075 tum
584 3019 703 3075 demum
725 3018 847 3091 aliquid,
863 3018 940 3091 quod
996 3019 1247 3074 inconsideranter
1266 3018 1413 3086 emittunt,
1431 3019 1518 3091 quod,
1535 3017 1602 3075 licet
1621 3019 1833 3092 desideranter¹

113 3113 168 3170 lem
181 3112 309 3186 cupiunt
321 3108 465 3166 visibilem
481 3109 612 3176 reddere,
628 3106 723 3181 prime
738 3107 880 3164 levissimi
896 3124 943 3162 ea·
996 3107 1097 3174 velint,
1114 3123 1248 3164 revocure
1264 3125 1320 3164 non
1337 3109 1470 3180 pessunt.
1487 3108 1527 3163 Ea
1542 3107 1589 3164 his
1606 3108 1736 3182 quinque
1750 3107 1834 3164 divi··

115 3199 297 3279 aliquantula
309 3198 353 3257 3777
370 3201 451 3271 03770
467 3198 504 3253 ab
519 3197 574 3253 hoc
588 3200 743 3265 remotum,
761 3197 938 3270 quibusdam
955 3179 976 3248 G
995 3197 1129 3253 sionibus
1142 3197 1238 3268 prima
1248 3196 1432 3269 predicanda
1443 3200 1489 3254 est
1500 3201 1528 3254 et
1537 3197 1663 3259 tenenda
1675 3215 1682 3266 ;
1694 3197 1824 3255 secunda

115 3291 203 3348 veluti
219 3289 398 3360 conjecturis
413 3288 511 3361 ipsum
527 3284 710 3359 aliquantulo
726 3284 942 3359 aperirevuleat
996 3303 1063 3342 cum
1080 3285 1184 3358 quinta
1204 3286 1371 3344 miseranda
1395 3290 1424 3342 et
1448 3286 1639 3360 corrigenda;
1655 3285 1741 3343 tertia
1755 3301 1822 3341 cum

116 3382 209 3437 7737737
221 3397 229 3447 ;
240 3378 311 3435 70713
325 3376 477 3450 quodlibet
490 3376 556 3447 ejus
569 3374 645 3430 lucis
662 3373 882 3444 vicinium,hino
897 3374 941 3447 ip·
997 3378 1100 3448 quarta
1114 3373 1230 3447 penitus
1246 3374 1373 3430 vitanda.
1390 3377 1463 3430 Sunt
1480 3378 1546 3447 pest
1568 3374 1652 3444 istos,
1667 3374 1717 3446 qui
1743 3372 1821 3447 quod

118 3470 175 3527 sius
189 3464 537 3541 330703770107733,77700
551 3463 739 3531 mediocrius,
751 3462 819 3520 hinc
831 3464 902 3535 7030,
916 3463 942 3520 si
997 3464 1053 3535 ipsi
1063 3463 1184 3518 minime
1193 3461 1367 3529 didicerunt,
1378 3462 1682 3535 presumptiusnimis
1691 3460 1821 3533 eliescu-

118 3561 213 3616 70777377
221 3555 286 3629 0307
297 3558 445 3626 utcunque
455 3552 662 3625 posset,ipsius
672 3550 769 3624 fulgor
778 3555 943 3607 monstrari·
997 3551 1068 3607 dent
1083 3552 1242 3607 7100070770
1253 3550 1363 3621 quibus
1378 3551 1419 3606 ait
1433 3549 1604 3624 Apostolus:
1615 3551 1733 3606 Veleiates
1747 3549 1823 3620 fieri·

120 3647 188 3717 dus;
204 3647 252 3703 sin
263 3643 347 3712 31733,
355 3643 484 3715 00737703
494 3647 538 3699 est
551 3641 690 3714 lippiente
702 3641 767 3696 visu
779 3641 842 3712 ipse
857 3657 943 3696 mane
998 3642 1066 3712 lepte
1080 3640 1207 3706 doctores,
1224 3655 1279 3694 eon
1290 3639 1474 3709 intelligentes
1487 3654 1575 3711 oeque
1588 3655 1647 3711 0037
1662 3639 1836 3714 loquuntur,-

121 3737 254 3795 tabernes
278 3731 412 3801 circuire,
427 3736 456 3788 et
479 3729 588 3803 aliquid
605 3729 752 3786 commodi
769 3729 868 3784 referri
891 3728 943 3784 de·
997 3745 1085 3802 770000
1098 3728 1131 3784 de
1145 3729 1244 3801 quitus
1260 3728 1404 3802 osflmnoot
1418 3729 1443 3802 (1
1459 3730 1525 3785 fica
1543 3746 1564 3798 1,
1578 3727 1618 3802 7).
1631 3727 1666 3785 Hi
1682 3742 1822 3800 00737303,

123 3841 211 3893 mum,
223 3839 314 3896 quam
330 3822 394 3894 ipso
409 3819 563 3892 splendore
578 3817 732 3875 meridiani
744 3817 815 3874 solis
825 3818 943 3890 penitus
999 3820 1070 3876 dum
1086 3818 1282 3891 dedignantur
1297 3816 1434 3889 discipuli
1449 3815 1669 3887 derivemus,
1688 3813 1822 3890 magistri

124 3914 274 3980 obcaecato,
288 3911 369 3984 ipsas
386 3927 453 3967 cum
468 3910 596 3983 quodem
611 3908 742 3981 appetitu
757 3907 893 3964 tenebras
904 3907 943 3963 si·
998 3908 1164 3965 efficiantur
1178 3907 1295 3962 erroris.
1310 3906 1385 3961 Sunt
1406 3905 1495 3962 etiam
1510 3905 1644 3979 quidem,
1659 3903 1823 3961 secundum

124 4018 154 4061 ue
167 4001 268 4073 aliquo
281 3999 379 4055 fructu
395 4003 523 4071 captare.
949 4030 952 4037 -
998 3995 1183 4068 Apostolum,
1198 4011 1304 4068 30777007
1317 3996 1460 4062 docentes,
1475 4000 1503 4052 et
1518 4011 1660 4068 7730077073
1680 3993 1716 4051 ed
1729 3993 1824 4065 000777·-

151 4089 290 4148 sesicut
300 4091 400 4144 autem
411 4088 441 4144 in
452 4086 637 4143 auditoribus
652 4085 772 4141 diversa
788 4084 944 4141 inveniun·
998 4088 1100 4143 770770777
1120 4087 1246 4141 ueritatis
1261 4087 1398 4142 uenientes
1413 4086 1450 4155 (ff
1465 4086 1531 4140 Tim.
1548 4102 1590 4153 111,
1605 4086 1646 4153 7).
1661 4083 1737 4147 Sunt
1752 4098 1824 4154 que·

124 4183 165 4236 tur
178 4176 328 4236 distentior
340 4175 538 4242 sensuum,ita
552 4178 581 4231 et
596 4175 625 4231 in
642 4173 809 4231 doctoribus
825 4174 944 4229 diverse
1000 4191 1056 4248 que
1070 4175 1119 4246 qui
1137 4173 1251 4246 copiose
1267 4173 1370 4229 dicunt
1384 4175 1461 4246 quod
1474 4190 1532 4229 non
1555 4171 1734 4244 intelligunt.
1751 4171 1826 4227 Sunt

126 4260 852 4343 reperiunturconspersienesaffectuumNeunulli
867 4261 945 4318 enim
999 4263 1240 4335 econtra,quibus
1254 4261 1420 4319 intellectus
1435 4262 1575 4330 abundat,
1592 4261 1642 4316 sed
1659 4257 1825 4329 eloquentia

126 4361 180 4415 lam
194 4356 431 4415 abstinuissent
444 4352 727 4420 voluntatis,utcum
739 4349 871 4423 magistri
882 4367 944 4406 am·
1001 4352 1108 4408 delicit.
1125 4352 1329 4408 Pradicandus
1346 4354 1456 4418 autern,
1472 4366 1559 4421 quem
1575 4352 1603 4404 07
1616 4344 1784 4418 eloquentia
1796 4348 1827 4400 et

127 4447 202 4505 biaut
214 4445 324 4513 secari,
341 4443 422 4500 nulla
443 4444 582 4499 doctrinm
598 4446 660 4497 arte
676 4440 789 4514 aliquos
808 4457 871 4497 330
895 4456 945 4495 cu·
1000 4439 1165 4497 intellectus
1180 4440 1275 4496 reddit
1289 4437 1445 4506 illustrem,
1461 4455 1529 4494 cum
1544 4436 1658 4509 primus
1670 4433 1825 4505 illaquam

131 4536 202 4608 piant
224 4532 339 4602 imbui;
367 4533 501 4589 dectores
516 4531 572 4587 diei
589 4530 756 4587 desiderant
771 4529 820 4602 qui
839 4527 947 4585 invidia
962 4549 985 4614 p
1001 4529 1069 4596 dixi,
1087 4529 1122 4584 de
1137 4526 1363 4602 praesumptione
1385 4526 1560 4598 culpandus,
1576 4524 1649 4592 alter
1670 4538 1728 4578 non
1749 4520 1827 4576 ritu·

132 4623 262 4691 obstrusi,
275 4621 372 4680 doceri
388 4621 566 4678 omnimodis
582 4620 754 4676 detrectant.
772 4617 806 4674 Hi
819 4623 889 4674 sunt
904 4619 945 4673 ei·
1001 4619 1160 4691 parandus,
1178 4618 1229 4673 sed
1245 4617 1283 4672 sit
1298 4615 1527 4687 amplectendus,
1544 4613 1600 4669 nisi
1622 4613 1694 4669 forte
1718 4609 1829 4667 invidia

133 4698 302 4784 uirumqui
311 4711 482 4767 thesaurum
491 4709 639 4784 supientiae
648 4707 744 4762 cordis
755 4706 945 4764 suffodientes
998 4708 1043 4764 vel
1057 4707 1179 4763 avaritia
1193 4705 1308 4778 plenus,
1327 4703 1509 4776 benignitate
1522 4703 1568 4761 vel
1580 4701 1721 4760 charitate
1735 4700 1784 4771 sil,
1795 4702 1829 4758 ut

135 4805 215 4871 autre,
230 4799 447 4859 maledictionis
462 4797 574 4872 spiculo
590 4796 811 4853 terebranturin
821 4795 944 4867 judicio,
1001 4795 1120 4864 assolet,
1135 4812 1256 4863 vacuus,
1273 4811 1360 4867 quem
1378 4796 1409 4848 ut
1424 4809 1526 4849 caveas
1539 4808 1641 4865 precer
1654 4789 1800 4847 obnixius.

62 4888 64 4909 '
133 4888 285 4958 tutatum
303 4890 377 4958 :Qui
390 4887 528 4945 abscondit
547 4887 696 4957 frumotte,
712 4883 888 4939 777070077οί707
916 4884 946 4938 iu
1204 4885 1265 4940 Tm.
1282 4881 1365 4937 XVll.
1382 4912 1416 4922 —-
1431 4883 1469 4938 De
1482 4880 1626 4938 7770777703.
1652 4942 1654 4946 ,

136 4980 228 5049 0700773
242 4981 333 5050 (Pron.
351 4995 391 5046 ar,
405 4977 462 5048 26).
479 4979 553 5033 Sunt
577 4978 679 5031 contra
706 4972 766 5038 alii,
782 4972 832 5045 qui
859 4976 945 5028 tantas
1035 4976 1080 5031 33.
1096 4975 1181 5030 Dives
1192 4972 1242 5029 es?
1258 4970 1330 5026 Cave
1343 4968 1462 5025 divitem
1482 4968 1567 5026 illum
1588 4967 1760 5041 superbum,
1778 4962 1828 5035 qui

138 5065 260 5135 ridentur
272 5065 429 5141 largitatis,
446 5067 479 5123 ut
493 5064 656 5140 doctrinam
679 5063 774 5135 magis
795 5062 947 5116 videantur
1002 5062 1178 5135 contempsit
1193 5062 1334 5116 Lazarum
1348 5075 1355 5122 ;
1370 5057 1443 5114 time
1457 5057 1532 5127 nasi
1557 5057 1685 5129 denegas
1706 5048 1829 5127 pauperi

140 5153 255 5228 fundere,
269 5171 360 5230 quam
375 5171 504 5228 erogare,
524 5154 559 5209 de
587 5152 696 5224 quibus
722 5151 859 5223 Gregorio
874 5154 948 5207 toste
1002 5153 1123 5220 micam,
1138 5149 1285 5206 desideres
1300 5162 1353 5201 nec
1368 5145 1495 5219 accipias
1517 5162 1599 5218 equae
1627 5146 1740 5217 guttam
1752 5140 1829 5211 (Luc.

139 5241 234 5307 divitur
247 5245 277 5303 in
293 5243 381 5318 lege:
401 5245 446 5299 l'ir
460 5242 629 5315 quiriacum
653 5239 759 5311 petitur
786 5239 909 5304 seruitiis,
931 5256 948 5294 e
1002 5246 1071 5310 xvi).
1086 5239 1199 5296 Videris
1215 5237 1314 5309 aliqua
1330 5235 1503 5307 possideret
1520 5235 1668 5307 Disperge,
1685 5234 1718 5288 ut
1736 5228 1831 5302 pessi·

138 5335 271 5392 77707710770
285 5334 445 5406 repellatur.
457 5331 581 5387 Fluxum
597 5329 676 5385 enim
692 5326 802 5399 patitur
817 5327 946 5394 seminis,
1003 5330 1072 5386 deas
1086 5345 1162 5385 vere.
1186 5325 1347 5393 0307770710,
1365 5322 1476 5394 inquis,
1491 5323 1640 5390 veraciter
1653 5315 1832 5394 possidebo?

139 5423 181 5497 qui
195 5440 236 5492 ea,
253 5424 290 5481 de
304 5422 414 5495 quibus
428 5421 457 5477 in
473 5420 638 5476 auditorum
654 5414 791 5472 cordibus
805 5416 948 5472 bonarum
1004 5418 1138 5491 nunquid
1155 5433 1212 5471 non
1228 5418 1257 5469 et
1271 5413 1370 5478 medo,
1386 5428 1453 5468 oum
1478 5413 1567 5481 fruar,
1584 5409 1723 5468 veraciter
1738 5404 1832 5480 possi-

165 5533 217 5601 (776)
231 5531 308 5591 Mate
323 5530 354 5587 in
370 5527 448 5602 vulg.
459 5530 507 5601 qui
521 5528 630 5599 70000770
644 5542 706 5582 cum
719 5525 756 5581 eit
770 5523 868 5579 dictato
881 5541 947 5595 7070,
959 5528 1068 5595 uirtuti,
1078 5531 1132 5583 etc.
1145 5524 1302 5581 Contentus
1318 5537 1453 5592 sequens,
1463 5519 1513 5592 qui
1530 5519 1659 5593 quinque
1674 5514 1833 5575 divisiones

136 5605 255 5677 prefert,
271 5602 507 5662 emendationem
523 5599 673 5673 approbat.
