3876 6084
118 308 181 392 404
586 312 589 317 ’
855 312 1086 387 4666446848.
1766 312 1827 386 346
1930 328 1933 333 “

121 449 239 515 6646446.
251 449 329 508 Nulli
343 467 410 511 vero
421 451 505 524 (462),
518 450 575 509 6464
598 467 685 527 quern
707 450 838 527 probitas
853 453 948 510 delen·
960 454 988 523 Α
1003 454 1191 513 subservierit
1206 453 1300 514 66466
1315 455 1469 531 utrobique
1484 455 1632 515 simulatio
1646 458 1825 516 voluntatem

121 540 207 606 derit,
221 539 357 597 videatur
371 559 505 616 parcere;
523 541 655 615 quamvis
676 542 786 598 nemini
801 559 877 616 saepe
893 543 946 598 mi·
1002 545 1046 617 [s.‚
1058 544 1355 618 voluntatisl,certius
1372 565 1435 620 qua
1459 548 1600 604 ademerit
1625 549 1825 620 spectantibus

121 646 176 685 nus
192 630 324 702 [sabaudi
336 632 448 704 parcat]
461 632 546 700 (aller
567 638 599 688 ut
621 631 761 704 Lucilius)
778 633 833 688 sibi
857 649 946 704 quarn
1002 633 1037 689 de
1047 650 1078 689 sc
1089 635 1207 690 omnino
1214 636 1381 707 judicium?
1394 637 1465 694 Nam
1477 654 1546 692 curn
1557 638 1592 692 ad
1602 637 1720 693 vitanda
1731 639 1824 711 magis

120 719 186 792 ipsi.
197 719 458 794 Archiepiscopum
470 721 510 791 [id
524 729 563 776 est
576 721 755 776 liudbertum
770 721 947 792 Trevirons.]
1001 736 1068 776 eum
1084 721 1234 794 impulerit
1249 723 1406 797 impatiens
1421 725 1575 798 fragilitas,
1590 743 1678 798 quam
1693 726 1825 784 alliciens

120 824 290 880 veroquam
307 826 365 865 non
381 809 483 866 reddat
497 809 646 882 opusculis
662 811 724 865 suis
740 809 891 877 intactum,
903 809 945 864 vi·
1000 808 1131 881 ipsorum
1148 813 1275 882 [sabarici
1290 813 1487 886 vitandorum]
1513 832 1588 887 saepe
1610 815 1760 886 voluptns;
1787 817 1824 872 ab

121 896 184 952 dcco
199 900 246 953 est
262 895 481 970 indagantibus.
984 952 987 956 ,
1000 899 1121 970 agendis
1132 917 1198 956 vero
1215 902 1347 957 inefficax
1358 903 1454 974 potius
1467 905 1594 959 avocarit
1608 904 1723 975 ignavia
1734 922 1824 976 quam

153 986 179 1040 3.
191 984 318 1041 Generat
328 990 467 1058 practerea
477 985 945 1042 hocetdificultatemintellectus
1000 987 1164 1058 probitatis,
1182 993 1214 1042 ut
1238 989 1279 1045 446
1302 1006 1365 1046 666
1392 1008 1492 1047 vocare
1519 992 1614 1061 liceat,
1640 993 1821 1062 obedientia3

122 1073 170 1140 eis,
183 1089 260 1147 quos
276 1073 354 1141 lecit,
365 1071 483 1140 libaida,
496 1074 573 1146 quod
587 1074 759 1131 creberrime
776 1074 872 1148 posits
886 1074 945 1129 illio
1000 1073 1086 1129 irasci
1103 1076 1182 1132 visus
1198 1076 1252 1132 suit
1267 1095 1342 1150 sape
1358 1078 1536 1147 laetissimus,
1551 1080 1634 1137 latus
1649 1083 1718 1137 item
1735 1083 1823 1138 maxi·

122 1162 248 1217 cernitur
257 1161 457 1234 parenthesis,
474 1167 513 1231 et,
530 1167 562 1218 ut
580 1162 723 1235 liquidam
739 1163 825 1218 466464
839 1161 945 1218 oratio·
1001 1179 1081 1218 666
1096 1165 1174 1222 46466
1184 1165 1371 1239 celavitsocpe
1382 1168 1520 1224 dolorem.
1532 1170 1625 1226 Dabat
1635 1188 1692 1226 non
1703 1177 1822 1243 rogatus

122 1267 197 1318 nem,
209 1249 375 1305 mirabilem
397 1250 559 1306 dictionum
576 1251 643 1307 iacit
665 1252 771 1324 saepius
787 1251 945 1307 ordinatio-
1000 1249 1155 1322 impatiens
1171 1255 1278 1328 rogari,
1296 1256 1426 1329 ignotum
1443 1259 1551 1330 saepius
1563 1259 1663 1314 odium
1678 1261 1761 1331 quasi
1779 1277 1824 1317 re·

122 1356 196 1409 nem,
210 1338 415 1396 difficillimam
431 1356 495 1413 qua
511 1341 765 1414 pariat,optimam
779 1339 846 1396 licet
861 1337 945 1396 intel·
999 1337 1096 1395 tineus
1118 1340 1219 1414 lesus3
1236 1344 1387 1418 multaque
1410 1347 1440 1400 in
1465 1346 1543 1403 hunc
1567 1347 1735 1404 actitaverat
1749 1349 1823 1418 (465)

120 1427 289 1504 ligentibus,
301 1428 528 1490 constructionis
544 1429 705 1486 materiem.
717 1427 860 1485 Feiellerit
875 1443 946 1487 sane
999 1427 1177 1500 deprehendi
1204 1433 1384 1504 perdifficilis
1413 1436 1543 1491 modum.
1558 1439 1639 1491 l‘orte
1667 1437 1781 1502 beatus,
1797 1437 1822 1493 si

120 1515 319 1591 plurimos,ue
329 1518 394 1589 ejus
405 1517 566 1591 improvide
577 1519 759 1577 considerata
772 1517 943 1590 loquacitas,
1000 1518 1187 1585 monachum,
1204 1525 1237 1576 ut
1252 1527 1407 1589 monstrat,
1421 1524 1546 1580 64666664
1561 1523 1689 1591 habitus,
1704 1541 1760 1580 666
1775 1525 1824 1580 ab·

120 1607 314 1680 (indimorum
326 1606 944 1681 46646666646661666666666646666
999 1604 1102 1662 4646664
1130 1608 1286 1666 laubiensi
1315 1628 1445 1683 unquam
1474 1613 1614 1679 coenobio,
1632 1613 1656 1666 si
1684 1618 1822 1670 constans

119 1693 267 1751 intellectu
292 1693 432 1767 viguisse,
449 1712 538 1767 quam
563 1701 634 1763 arte,
654 1695 790 1754 exercicio
816 1695 943 1768 quodam
999 1693 1103 1750 suisset
1118 1696 1147 1752 in
1160 1701 1235 1754 voto.
1247 1701 1417 1772 Ingenuitas
1431 1701 1502 1773 (466)
1515 1700 1556 1757 4444
1572 1702 1667 1757 luerat
1681 1719 1822 1774 amquam

118 1781 265 1845 scribendi
273 1799 413 1857 queque,
424 1801 483 1843 non
497 1801 564 1841 vero
583 1785 698 1858 copiose
717 1785 843 1852 dicendi,
855 1800 943 1857 quam
998 1773 1103 1857 magis,
1117 1790 1148 1840 ut
1167 1787 1268 1854 fertur,
1281 1789 1534 1845 commendaverat
1548 1789 1719 1862 antiquitas,
1732 1807 1821 1862 quam

118 1871 271 1946 privilegio
280 1871 367 1945 plura
377 1873 487 1928 sciendi
501 1891 508 1929 :
520 1889 607 1946 quem
620 1875 782 1947 priscorum
793 1872 889 1946 magis
899 1889 945 1928 cx·
998 1877 1186 1943 praesentaret
1200 1875 1337 1932 64664466.
1358 1876 1448 1949 Cujus
1459 1878 1530 1949 (467)
1547 1896 1605 1934 666
1630 1879 1822 1951 approprians

117 1961 241 2035 ploratio
256 1960 383 2027 curiosa,
398 1978 486 2034 quam
502 1963 567 2036 ipsa
581 1963 651 2019 artis
667 1962 777 2019 dictare
792 1961 945 2018 docuerint
998 1960 1252 2035 intempestivitas,
1262 1964 1312 2021 sed
1324 1966 1492 2037 proximans
1507 1968 1558 2022 664
1569 1969 1672 2036 allerro
1686 1972 1821 2040 coeperat,

117 2052 270 2124 precepta.
279 2050 375 2107 Pauca
388 2067 405 2106 6
416 2050 577 2124 magistris,
591 2050 675 2124 plura
691 2068 782 2123 perse
794 2051 889 2122 magis
900 2050 944 2105 di·
999 2047 1055 2104 4646
1069 2050 1140 2107 666
1167 2053 1314 2120 condecet,
1328 2055 1482 2110 maturitas
1497 2072 1595 2112 canos.
1611 2056 1652 2111 Do
1679 2057 1715 2112 ad
1741 2074 1823 2113 sum-

117 2139 188 2196 dicit
197 2138 427 2213 presumptione
440 2138 595 2196 temeraria
608 2140 798 2212 temperando
809 2142 854 2212 (4.,
865 2155 943 2195 com·
999 2157 1078 2196 mam
1090 2143 1163 2214 (468)
1177 2159 1184 2197 :
1197 2160 1255 2215 prae
1273 2160 1340 2198 rens
1351 2143 1567 2200 cavillatoribus
1578 2161 1651 2217 pene
1661 2145 1822 2213 exstiterat,

117 2227 270 2300 persudat,
281 2243 345 2299 quse
362 2244 379 2282 a
398 2227 566 2284 doctoribus
585 2228 740 2302 precipuis
754 2228 804 2285 alii
819 2228 945 2287 maxime
998 2228 1130 2302 exemplo
1141 2231 1165 2287 si
1180 2247 1236 2286 non
1251 2230 1359 2303 aliquis
1373 2233 1523 2288 nocuisset
1537 2233 1683 2301 innoxius,
1698 2239 1748 2289 aut
1763 2252 1823 2291 non

118 2317 163 2372 vix
177 2315 379 2390 percepissent
396 2314 506 2379 labore.
525 2317 605 2373 Unde
630 2322 658 2374 et
682 2317 801 2390 quidam
827 2318 945 2391 sapiens
998 2317 1143 2390 proluisse
1158 2320 1231 2374 loret
1242 2336 1295 2391 par
1309 2321 1458 2387 nocuisse;
1472 2326 1567 2376 utram
1584 2337 1650 2376 vero
1665 2322 1694 2375 in
1710 2326 1821 2392 partem

117 2406 286 2479 pariterque
301 2403 466 2478 religiosus,
479 2405 610 2461 4644644446
621 2423 657 2462 66
669 2406 752 2462 44466
767 2408 945 2464 subverteret
998 2407 1048 2474 446,
1064 2412 1096 2463 64
1111 2407 1181 2475 dini,
1193 2413 1255 2463 crat
1275 2408 1443 2480 ambiguus,
1457 2408 1503 2463 vix
1517 2407 1636 2480 cogitari
1647 2411 1728 2480 juste
1744 2410 1823 2466 msti-

117 2494 261 2550 cbaritete
280 2492 401 2550 minime
419 2493 544 2550 subnixa
554 2495 578 2566 (l
592 2495 772 2565 Cor.v111,1),
786 2495 945 2568 Apostolus
1000 2497 1137 2553 66446646
1147 2498 1212 2568 ejus
1222 2499 1255 2550 ut
1265 2495 1471 2552 valeatstatus.
1482 2497 1649 2552 Levissimis
1659 2515 1725 2552 nam
1738 2498 1821 2570 (469),

117 2587 150 2648 64
165 2585 392 2656 praemonuerat,
404 2581 536 2650 scientia,
550 2583 664 2640 relectis
683 2584 860 2657 quibusdam
876 2601 945 2657 opu·
999 2586 1150 2641 animosus
1165 2584 1324 2640 multorum
1336 2584 1471 2656 opinione
1484 2601 1549 2640 cum
1564 2589 1651 2653 esset,
1662 2585 1701 2640 ita
1714 2587 1822 2642 moveri

118 2671 275 2738 sentiscit,
291 2670 322 2726 in
337 2687 370 2727 eo
390 2671 515 2744 gratiam
531 2671 637 2746 vigere,
653 2689 741 2744 quam
758 2672 943 2745 sapientiam,
999 2673 1094 2729 luerat
1110 2673 1229 2746 [mirum
1245 2673 1352 2744 dictat]
1372 2676 1483 2738 suetus,
1496 2672 1532 2728 ad
1557 2673 1685 2728 maxima
1701 2678 1733 2728 ut
1746 2680 1824 2731 osset

117 2761 227 2835 magis3
239 2758 452 2833 mirandusque
466 2761 571 2833 magis,
582 2778 670 2833 quarn
685 2761 851 2818 laudandus
866 2761 943 2818 vide·
999 2761 1117 2821 serenda
1140 2761 1212 2818 mire
1228 2761 1355 2834 quintus.
1370 2760 1476 2817 Nullus
1491 2776 1558 2834 crgo
1583 2779 1650 2817 eum
1675 2761 1732 2829 his,
1748 2779 1823 2834 quos

116 2855 172 2907 tur.
184 2848 320 2906 Miranda
329 2848 440 2921 potius,
452 2853 481 2904 et
493 2849 678 2921 praedicanda
692 2849 869 2919 misericors,
880 2868 943 2923 quai
999 2852 1080 2907 64666
1096 2855 1140 2907 664
1154 2849 1274 2916 imitari,
1285 2853 1452 2922 componat,
1469 2866 1504 2905 nc
1522 2852 1563 2907 l'se
1576 2851 1653 2906 222
1669 2853 1716 2921 qui
1731 2851 1824 2907 dicitis

116 2936 252 3003 taliatsli
280 2936 450 3004 deserendo,
468 2937 568 3009 utique
595 2954 659 2995 sose
674 2939 855 2996 deserentem
885 2956 943 2997 non
997 2942 1103 2996 motam
1127 2940 1278 3006 canumet
1303 2940 1403 2994 toaiim
1424 2938 1530 2993 martam
1545 2939 1606 3010 (466.
1619 2956 1645 3013 v,
1662 2939 1718 3011 26),
1735 2938 1824 2996 sibia

117 3026 254 3084 66666666
257 3067 365 3093 .....
383 3024 506 3081 66646444
521 3027 624 3100 gratia.
998 3027 1140 3101 propheta
1161 3025 1278 3082 clamari
1304 3043 1361 3082 non
1388 3027 1553 3090 immeritus
1583 3027 1692 3082 audiat.
1711 3028 1823 3084 Rursus

150 3116 226 3182 m
245 3113 272 3171 4.
279 3114 358 3180 λ4466
370 3113 409 3186 (64
422 3117 455 3169 64
468 3114 542 3187 (464)
555 3115 591 3172 66
607 3116 738 3175 moribus
753 3118 817 3189 ejus
833 3117 942 3191 aliquid
999 3116 1076 3189 quod
1093 3117 1182 3190 probe
1197 3115 1265 3189 egit,
1277 3114 1374 3184 laudo,
1387 3132 1422 3173 66
1437 3114 1504 3187 quis
1522 3115 1711 3171 momorderit
1724 3116 1821 3184 dente,

119 3203 250 3287 tetigisse
260 3218 319 3260 non
328 3200 586 3272 sitautlaoernsse,
595 3207 644 3260 aut
652 3205 749 3278 potius
759 3178 980 3281 predicasse
1000 3223 1035 3262 ne
1054 3206 1203 3262 Parasitum
1225 3205 1323 3261 occidit
1342 3203 1448 3261 incidie
1463 3204 1524 3277 (464
1539 3221 1566 3270 v,
1582 3204 1619 3276 2),
1636 3204 1690 3261 Job
1719 3205 1822 3262 beatus

120 3292 213 3350 dicere
222 3308 314 3365 qnam
327 3291 421 3348 tacere
435 3290 504 3349 boni
516 3293 586 3364 quid
603 3293 698 3369 magis
712 3294 798 3351 luerit
810 3294 945 3373 idoneus,
999 3295 1042 3350 illi
1057 3297 1190 3352 videatur
1205 3310 1359 3367 opponere.

149 3442 232 3517 (462)
248 3441 391 3500 Constans
407 3460 413 3498 :
429 3444 507 3499 446444
521 3460 583 3500 vero
607 3445 734 3501 videatur
753 3463 875 3518 parcere,
892 3452 949 3506 nisi
1000 3450 1083 3506 aierit
1095 3463 1128 3502 ea
1141 3446 1280 3501 sirmitatio
1304 3445 1460 3510 6646646446,
1477 3459 1538 3514 666
1559 3448 1669 3498 6666466
1693 3445 1824 3500 ademerit

122 3531 198 3587 quem
247 3514 336 3570 obitas
344 3514 510 3587 defenderim
519 3519 644 3588 quamvis
654 3533 727 3600 sepe
736 3521 843 3574 aermm'
855 3524 948 3579 minas
1000 3517 1182 3595 spectantibus
1196 3518 1295 3571 certius
1305 3515 1442 3586 judiciam
1455 3515 1487 3569 ilc
1501 3519 1552 3569 sc?

166 3604 202 3644 ec
217 3627 225 3655 ,
241 3601 325 3657 quom
337 3585 392 3667 6444
405 3587 417 3641 4
434 3587 472 3654 si,
482 3590 512 3644 ct
524 3587 595 3644 atter
607 3589 740 3644 46644466.
754 3589 820 3644 Η66
834 3591 870 3647 de
884 3591 948 3665 ipso
1037 3591 1100 3661 (tet
1128 3587 1158 3642 ld
1173 3591 1227 3650 est,
1243 3590 1269 3641 et
1282 3587 1442 3668 actitaverat
1456 3585 1543 3667 ¹inulta
1566 3587 1596 3639 46
1606 3586 1716 3640 modam
1741 3585 1824 3666 4666,

118 3602 213 3741 46167466
230 3654 260 3713 ὀ
273 3602 454 3738 accipienda,
466 3658 551 3739 cujus
562 3663 625 3741 erat¹
639 3659 728 3743 64466
740 3659 781 3744 sei
786 3677 871 3732 psum
887 3670 949 3735 pen
999 3661 1096 3743 perdis
1112 3658 1174 3741 citis
1188 3656 1362 3782 4616466444,
1378 3654 1520 3722 videlicet,
1532 3656 1609 3712 unde
1623 3661 1684 3712 erat
1697 3656 1826 3728 perdiffi-

116 3728 904 3884 ὃξιτὲῖιεῖῖξόἙέἷιῗηὲἷεὲῗρξαᾜᾜέενθᾝῗὲἕζέ441·
919 3736 948 3804 2’
1002 3732 1527 3884 οήέῗῷίἙῗὶὲῖἓῖτέθθξθὲἓΐ4666664466
1553 3798 1597 3853 4444
1617 3801 1720 3882 scierat,
1745 3816 1827 3870 qnam

164 3868 386 3949 4443)(46664666
400 3816 584 3942 :dispuentes
598 3888 657 3943 eyes
670 3887 706 3927 ae
720 3873 871 3945 improvide
885 3890 949 3932 con·
1002 3889 1100 3944 macas,
1122 3875 1151 3926 iit
1178 3874 1280 3952 certor,
1301 3869 1535 3950 cominmdacerat
1561 3875 1720 3952 antiquitas,
1746 3887 1829 3941 qnam

114 3945 142 3994 s·
179 3938 308 4025 6646644
322 3948 347 3996 64
361 3941 480 4013 qualitas
495 3958 603 4025 mamm
625 3945 722 4026 ipsias,
737 3945 950 4070 sepelieritsaae
1001 3946 1188 4024 praesentaret,
1200 3942 1337 4024 affinitas:
1354 3940 1380 3995 id
1395 3944 1511 4021 esterat
1526 3939 1568 4066 rlltr
1583 3946 1748 4023 sirpenmtas,
1761 3958 1827 4067 fliam

104 4012 950 4165 attt‘iltttttatlttttt‘scritti-fiteltt
1004 4016 1831 4166 tillltl‘lttttlfftlt,stillimtilitates.
1906 4108 1909 4113 -

107 4157 231 4228 copiose
238 4151 478 4236 dioeridequoeqae,
485 4171 567 4237 qaam
579 4157 727 4227 priuilegio
736 4157 839 4212 sciendi
849 4159 950 4230 piare·
1005 4157 1099 4212 sinodi
1109 4158 1314 4235 antiquitatem
1323 4170 1438 4226 generis
1447 4170 1550 4234 magas,
1556 4170 1647 4234 quam
1656 4155 1692 4210 ob
1700 4158 1829 4234 viventes

107 4242 205 4299 quem
218 4225 373 4298 exploratio
386 4228 495 4281 6464666
503 4242 658 4307 praecorum
671 4229 770 4296 mucis,
780 4244 863 4299 quom
875 4244 952 4300 prce-
1005 4228 1119 4295 allides,
1133 4242 1200 4297 quis
1212 4226 1293 4291 lorte,
1307 4225 1377 4305 dum
1390 4225 1449 4305 hac
1460 4230 1586 4295 sempsit,
1599 4225 1830 4305 carebatlmagnr

109 4300 203 4371 cepta
229 4297 292 4369 ipsa
316 4295 539 4353 artisdocaermt
564 4297 676 4354 dictare.
692 4299 784 4353 Peneo
811 4299 907 4355 didicit
935 4317 952 4355 n
1005 4298 1134 4354 nominis
1159 4300 1187 4351 et
1212 4300 1344 4376 potentia
1370 4294 1525 4376 64446666.Ι
1536 4295 1568 4350 444
1590 4297 1689 4365 fertur,
1715 4298 1828 4364 inqu1t3

109 4368 269 4440 1666464646
282 4383 292 4420 .·
304 4366 389 4448 plara
403 4369 492 4437 acopis
503 4383 555 4440 per
572 4383 600 4423 se
621 4369 802 4441 comparando
815 4385 952 4441 praesum·
1007 4368 1254 4447 quemadmodum
1268 4384 1296 4449 ¹¹¹.
1312 4367 1452 4446 paralitatis
1464 4381 1513 4419 666
1526 4369 1710 4444 saturanum.
1723 4367 1750 4428 2,
1762 4380 1830 4443 eum

110 4442 220 4512 ptione
235 4441 383 4493 temeraria
405 4437 509 4505 didicit,
526 4454 585 4510 666
598 4438 650 4494 6444
670 4441 718 4494 646
739 4442 920 4513 percepissent
936 4457 953 4495 a
1008 4439 1257 4496 aVeronensrbus
1280 4439 1448 4506 treqacatms
1462 4435 1505 4516 dcc
1517 4451 1562 4515 itm
1588 4434 1678 4514 46666
1703 4433 1831 4515 nobilem

110 4509 277 4592 prienaee
299 4507 596 4593 doctortbasmam'mo
617 4510 719 4592 labore.
731 4583 735 4593 ι
747 4511 821 4594 Unde
843 4511 955 4594 qnidam
969 4522 993 4586 Ι)
1010 4511 1017 4564 4
1036 4526 1071 4591 Ι66
1086 4507 1235 4588 cavillator
1250 4523 1306 4561 non
1321 4506 1449 4632 64146666ιέ
1463 4505 1619 4576 significat.
1635 4505 1707 4560 Vide
1722 4521 1785 4576 qum
1801 4521 1831 4559 in

116 4583 276 4725 4464
286 4580 956 4722 4464444Ὣ46Ὕ444”4444444
1035 4580 1348 4729 4444444446
1363 4593 1483 4702 tiis}r
1506 4648 1560 4728 aa
1575 4646 1718 4702 6666
1742 4662 1832 4726 aa:

130 4724 240 4779 4646644
264 4774 268 4783 ,
320 4718 411 4787 illam,
431 4722 538 4778 retectis
560 4721 720 4792 quibasdam
740 4723 877 4794 opascali's
900 4725 957 4796 ejiis
1015 4723 1143 4798 664666
1166 4721 1390 4791 intempestivitas
1413 4733 1603 4798 approprians,
1623 4717 1669 4773 sed
1689 4721 1835 4772 anataritas

131 4795 182 4861 eit,
197 4794 230 4848 iii
245 4806 276 4848 eo
289 4794 378 4876 acepit
391 4795 481 4865 cipere
498 4795 627 4864 pretinm,
642 4809 724 4865 qaam
736 4809 767 4848 m
787 4795 918 4856 initiam:
934 4796 960 4853 et
1013 4795 1067 4849 664
1080 4792 1241 4864 proximans
1255 4793 1372 4862 caperat
1394 4787 1492 4913 olLerre
1514 4804 1606 4870 canos,
1623 4787 1688 4843 dum
1711 4787 1838 4868 conderet

131 4862 239 4921 444646·
262 4879 351 4934 mapsa
374 4864 518 4919 mirandas
545 4879 628 4934 qaam
655 4863 721 4919 4664
777 4880 818 4921 as.
835 4863 960 4921 liii-anda
1014 4861 1147 4934 ista;qui
1165 4861 1304 4916 nimirum
1327 4860 1398 4915 dum
1442 4875 1481 4914 66
1505 4863 1631 4930 scripsit,
1649 4875 1706 4914 non
1732 4862 1837 4914 intem·

132 4936 220 5006 664466
243 4936 272 4990 et
296 4933 474 5006 predicanda
495 4936 648 4991 misericors
653 4936 763 5060 pretia,
781 4951 840 5006 qaae
868 4937 961 5006 ntiqitc
1015 4933 1135 5008 pestive,
1153 4932 1202 4988 sed
1219 4933 1255 4987 ob
1277 4935 1390 4986 aetatam
1406 4930 1596 4985 maturiorem
1619 4934 1744 5002 coeperat
1759 4929 1837 4985 6664·

134 5022 188 5059 666
204 5005 332 5062 desereris
346 5005 513 5063 deserentem
524 5022 593 5072 sese,
603 5022 653 5060 666
665 5006 718 5060 6444
738 5007 808 5061 46446
823 5008 874 5062 4644
887 5006 960 5062 dese·
1015 5007 1085 5061 tiam
1104 5004 1235 5059 induere.
1766 5074 1769 5082 Ι

135 5075 229 5144 rende,
251 5074 303 5148 qui
325 5074 465 5148 nimirum
487 5081 550 5131 erat
573 5077 830 5133 deserendus-Ubi
855 5081 963 5150 puncta
1053 5076 1127 5145 (466)
1140 5078 1280 5129 (tonstrua
1297 5090 1303 5125 :
1320 5074 1356 5126 llo
1380 5072 1414 5126 iat
1435 5088 1592 5126 acerrimam:
1608 5088 1675 5153 pene
1698 5074 1841 5153 eastitcrat

137 5147 314 5209 notavimus.
331 5146 361 5202 46
377 5163 433 5202 66.
450 5147 575 5214 additur,
590 5163 646 5202 666
662 5147 808 5204 deserendo
827 5149 962 5214 deserens,
1017 5163 1079 5202 reus
1099 5163 1156 5218 prae
1176 5145 1391 5209 cairittetorilrns,
1407 5145 1433 5198 si
1447 5160 1501 5198 666
1524 5144 1624 5214 aliquis
1647 5159 1777 5198 irritemus
1792 5158 1840 5197 ao-

137 5234 198 5290 666
212 5230 284 5275 eum
298 5216 453 5275 videantur
467 5218 699 5300 precedentibus
713 5234 886 5291 repugnare,
903 5235 965 5292 pen
1019 5219 1116 5273 sitisset
1130 5216 1262 5288 exemplo,
1278 5217 1326 5268 aot
1347 5230 1403 5269 666
1425 5215 1559 5286 profuisse
1584 5216 1653 5285 soret
1674 5231 1727 5284 par
1741 5213 1781 5285 (46
1797 5215 1842 5268 664

137 5303 236 5362 peram
250 5288 366 5345 inserta
379 5293 558 5372 putavimus.
1019 5292 1090 5360 soret
1113 5287 1185 5343 idem
1200 5287 1241 5356 66)
1256 5287 1387 5341 riocaissc.
1400 5287 1493 5342 iliram
1508 5301 1569 5340 acro
1583 5286 1614 5339 ia
1633 5288 1738 5356 partem
1753 5287 1800 5347 iia,
1813 5286 1843 5337 64

172 5359 249 5431 (464)
263 5359 528 5443 44666666646666
542 5358 635 5427 valde,
654 5365 682 5415 et
705 5359 778 5414 torte
799 5359 887 5414 etiam
903 5374 966 5414 cor·
1020 5359 1090 5424 64464,
1102 5362 1161 5442 erat
1175 5357 1328 5439 amiipnus,
1343 5359 1373 5410 at
1388 5357 1435 5411 cia
1457 5357 1545 5411 relect
1562 5357 1636 5428 jaste
1660 5357 1774 5426 copi'tari
1787 5357 1842 5408 stu-

139 5434 335 5567 i'dlettslifldtffiil,
350 5429 970 5573 prigghciclliggi'ldsdgrmffidldseanaeinirdriitsii
1022 5431 1385 5572 tailliatjyggblgiifdewiiarn
1402 5514 1463 5551 sirm
1482 5501 1549 5552 esset
1561 5500 1698 5552 animosas
1719 5496 1845 5572 opinione

139 5575 185 5625 avt
201 5573 344 5641 lacerasse,
357 5576 405 5629 eat
425 5575 518 5645 potins
530 5571 699 5645 praedicasse)
715 5572 779 5643 qaid
804 5572 867 5626 4664
880 5573 970 5642 acopis
1023 5573 1182 5639 inlitterata,
1207 5571 1246 5624 ita
1261 5569 1374 5638 (mirum
1388 5568 1462 5623 dicta
1473 5569 1492 5639 4)
1515 5571 1606 5639 scierat
1629 5571 1720 5623 saetas
1744 5579 1845 5644 incitari

139 5643 250 5698 4466666
268 5646 354 5715 faerit
374 5643 474 5726 dicere,
491 5661 574 5717 qaam
595 5647 685 5715 [acere
709 5645 744 5712 is,
760 5644 805 5700 eici
828 5642 972 5714 atrocique
1026 5644 1179 5711 leuissimis,
1191 5643 1221 5696 64
1235 5649 1303 5696 essct
1323 5641 1391 5695 mire
1407 5641 1512 5711 quietus
1527 5639 1562 5694 od
1576 5638 1696 5720 (666646
1710 5650 1845 5716 enceinte

142 5712 300 5782 (nimirum
314 5720 378 5772 466
393 5715 424 5772 46
441 5714 573 5788 dicendo,
586 5730 653 5773 cum
669 5714 700 5772 in
714 5712 856 5788 iaciendo)
870 5713 974 5772 scissim
1026 5714 1125 5777 Nullas
1144 5729 1207 5785 erpo
1228 5715 1370 5784 componat
1385 5728 1445 5767 eam
1461 5727 1522 5766 cam
1550 5710 1592 5764 liis
1621 5725 1684 5779 qaas
1711 5721 1782 5760 visas
1808 5706 1847 5760 est
