3876 6084
138 293 192 364 iii
603 296 926 378 eneteeuronutt
946 293 1053 368 amet
1076 297 1161 368 SEX.
1178 334 1218 354 -·
1232 302 1309 371 tls.
1331 294 1382 371 Vl.
1784 292 1842 372 sil

139 433 271 495 bestrae
280 433 398 495 redeam
411 449 478 496 cum
490 434 961 513 dedecorecaptandaergomihi
976 437 1005 508 Α
1019 455 1095 514 agro
1112 439 1185 512 (396)
1200 440 1493 510 sitconsciantia,nec
1509 439 1844 517 malequassatacborda

141 527 392 600 censeoquasdam
417 527 548 600 ejusdem
579 528 652 585 lucis
682 528 858 585 antevicinia
876 527 961 600 (393),
1017 530 1089 585 bene
1103 534 1187 587 sonet
1201 531 1230 587 in
1246 531 1370 590 cithara.
1386 532 1507 589 Advorte
1529 532 1629 606 igitur,
1658 532 1758 602 lector,
1776 534 1844 606 quis

142 616 245 688 quibus
260 616 405 690 paulatim
420 619 612 688 assuefactus,
629 622 658 674 et
669 617 963 691 quantulumcunque
1016 635 1063 674 me
1079 619 1114 675 ad
1130 619 1184 676 hec
1200 619 1351 692 impulerit
1376 637 1477 694 angor,
1504 639 1567 693 quac
1590 621 1752 689 calamitas,
1780 640 1843 694 quas

143 705 229 761 oculis
244 721 347 762 eorum
363 724 418 762 usu
444 706 649 779 expulveratis,
675 708 850 779 quandoque
875 706 903 760 in
920 722 963 761 re·

143 810 278 866 percussa
292 795 354 851 acie
368 795 467 868 ipsum
482 796 593 851 valeam
609 795 730 852 leminis
741 796 856 851 radium
870 795 963 850 inten-

144 883 211 948 dere,
229 883 389 956 ipsumque
403 883 552 939 inhianter
566 886 783 958 concupiscerc;
805 888 834 939 et
848 884 961 956 quoties

144 987 199 1028 sese
213 972 387 1045 dignabitur
401 973 542 1045 ingerere,
569 973 661 1028 libcro
686 978 803 1045 aspectu
831 989 960 1041 cernere,

144 1061 384 1133 cretumquesine
410 1062 467 1117 fine
486 1061 598 1117 valeam
625 1078 735 1117 amare.
760 1062 841 1127 Quod
864 1064 960 1116 totum

143 1155 167 1203 ut
178 1151 254 1207 191
273 1166 386 1205 merear
400 1150 533 1222 adipisci,
546 1150 641 1206 visum
658 1154 703 1206 est
713 1150 783 1205 mibi
792 1166 892 1205 eorum
902 1165 961 1205 me-

142 1238 268 1294 dicorum
285 1238 581 1307 assuefiericxcubiis,
590 1239 818 1311 quimodernius
829 1239 958 1311 quidem,

1016 706 1175 764 necessitas
1191 709 1244 764 has
1265 710 1337 764 mihi
1364 710 1510 766 scribendi
1537 713 1745 767 monstraverit
1769 714 1843 768 rias.

1016 795 1114 852 Prima
1127 799 1313 870 quidemiut
1340 799 1559 871 recapitulando
1588 800 1683 854 dicem
1715 800 1844 872 planius)

1016 901 1105 941 causa
1121 887 1195 957 (397)
1210 880 1365 942 oblivionis
1375 888 1542 952 fuitmetus,
1560 905 1617 960 quo
1630 894 1663 943 ut
1677 894 1771 944 totum
1782 905 1846 945 cre-

1016 990 1095 1029 mam
1110 975 1189 1030 virus
1202 976 1365 1046 grassantis
1377 977 1491 1040 veneni,
1508 976 1605 1043 timui,
1623 994 1658 1031 ne
1682 979 1759 1032 sicut
1779 966 1843 1048 jam

1015 1063 1180 1135 omnigenis
1193 1065 1270 1120 102
1285 1064 1422 1119 vitiorum
1435 1067 1589 1121 ruderibus
1599 1083 1769 1138 oppressae.
1783 1085 1844 1122 ma-

1014 1149 1170 1223 lorumque
1185 1152 1313 1207 tenebris
1327 1152 1461 1221 vallatus,
1479 1171 1511 1208 nc
1531 1154 1633 1209 multis
1655 1156 1842 1211 secularium
1918 1224 1921 1231 ζ

1015 1257 1152 1295 cerarum
1169 1242 1264 1297 noxiis
1279 1241 1482 1312 interpellatus
1492 1243 1681 1313 clamoribuS,
1693 1244 1841 1300 oblivisce·

141 1327 183 1383 ad
198 1332 300 1383 tamen
314 1328 453 1401 apertius,
470 1329 622 1401 snperboc
635 1328 828 1400 disputantes,
844 1327 885 1382 ita
900 1344 959 1382 sura
1015 1345 1062 1384 rer
1077 1345 1110 1383 aa
1125 1330 1253 1401 penitus,
1270 1331 1340 1385 diam
1353 1347 1399 1385 mc
1415 1331 1525 1403 aliquid
1543 1349 1576 1386 ex
1592 1331 1638 1386 bis
1654 1335 1840 1389 retractando

140 1414 205 1472 artis
219 1415 403 1472 condiderint
417 1416 542 1485 libellos,
559 1421 591 1472 ut
605 1416 634 1471 in
657 1417 794 1473 omnibns
810 1419 839 1471 et
863 1415 960 1470 imita·
1014 1417 1464 1488 recolerepotiussemultimode
1485 1421 1541 1475 sim
1559 1420 1841 1492 gauisus.Secunde,

136 1505 410 1578 rentnrmagistros,
422 1506 636 1562 etinstrucrent
649 1504 823 1576 discipulos;
836 1503 961 1575 qualiter
1015 1509 1058 1571 ut,
1074 1506 1144 1578 quia
1159 1506 1202 1578 (ut
1216 1506 1287 1578 dixi)
1303 1508 1410 1562 desunt
1425 1508 1502 1576 libri,
1520 1509 1626 1564 desunt
1646 1515 1674 1565 et
1699 1513 1842 1567 confabu-

134 1592 245 1650 scilicet
259 1593 749 1668 luxipsaquaerenda,invenienda,
759 1596 894 1657 tenenda,
904 1609 961 1648 cer·
1015 1592 1109 1650 lantes
1121 1593 1202 1661 socii,
1221 1595 1303 1650 adest
1318 1595 1437 1650 tristitia
1452 1599 1634 1664 excrucians
1649 1616 1755 1655 moeror
1779 1603 1841 1674 ipsc

130 1683 239 1750 nenda,
256 1682 394 1753 amanda,
411 1681 595 1756 quocollyrio
611 1682 688 1739 oculi
698 1681 891 1754 inunguendi,
903 1697 960 1752 quo
1015 1683 1148 1739 animum
1160 1683 1359 1739 indesinenter
1367 1686 1714 1752 corrodens,habcrcmin
1728 1690 1780 1745 boc
1792 1690 1843 1745 ali-

127 1769 696 1844 bonoannoxiopulvercexpulverandi,
707 1769 960 1843 quaobservantia
1015 1773 1092 1844 quod
1110 1771 1259 1837 solatium,
1277 1779 1373 1830 uterer
1383 1790 1416 1829 eo
1432 1776 1516 1846 quasi
1526 1777 1841 1850 quodamcolloquente

123 1860 295 1925 nutriendi,
311 1860 496 1932 quarantela
519 1861 578 1917 sint
601 1859 801 1917 conservandi.
829 1861 959 1944 Quorum
1015 1861 1120 1925 amico,
1135 1863 1277 1917 refoverer
1286 1879 1319 1918 eo
1330 1864 1550 1934 quodamveluti
1559 1864 1840 1939 socioNecqnestns

118 1948 269 2006 omnium
284 1966 331 2005 me
354 1950 534 2022 perspiciens
556 1949 804 2015 indoctissimum,
821 1952 961 2004 attamen

109 2037 184 2110 ism
196 2036 411 2110 olimeJusdem
424 2036 820 2104 lucisamatoremcllectum,
828 2034 959 2092 libellum

112 2142 157 2184 ex
172 2126 302 2183 illorum
317 2127 403 2182 dictis
418 2126 475 2183 mei
491 2142 581 2183 causa
604 2128 729 2182 condere
756 2125 833 2181 volui
857 2125 960 2193 istem,

110 2211 150 2274 ln
166 2232 236 2290 quo
251 2214 325 2270 nihil
342 2231 359 2270 a
374 2214 804 2287 memeaindustriaprolatum,
819 2214 848 2269 in
858 2230 959 2269 eorum

109 2302 359 2362 medicinalibus
373 2303 526 2360 inventum
541 2320 728 2376 congererem
754 2302 960 2361 medicaminis

108 2392 307 2468 plurimum,
323 2409 375 2448 nec
389 2396 520 2448 taxarem
540 2393 670 2465 priorum
698 2390 772 2447 ullos
786 2408 837 2463 per
861 2407 908 2446 me
924 2389 959 2444 li·

107 2482 253 2540 brorum
266 2481 341 2553 (393)
356 2481 530 2554 angiportus
546 2480 680 2549 lustrare,
697 2481 725 2536 in
739 2481 848 2552 quibus
858 2479 958 2536 etsiad

110 2569 243 2643 aliquid
260 2568 353 2625 facilis
369 2569 518 2639 introitus,
534 2586 586 2642 per
601 2568 686 2642 plura
701 2567 830 2624 difficilis
851 2568 957 2636 exitus;

107 2659 178 2717 ned
190 2657 262 2716 illos
272 2674 323 2731 par
338 2658 437 2714 omnia
451 2674 598 2731 sequerer,
622 2673 783 2730 eorumque
806 2657 958 2729 gressibus

1015 1966 1092 2016 sum,
1104 1950 1190 2021 juxta
1204 1951 1361 2017 comicum,
1389 1957 1504 2025 egomet
1520 1953 1593 2007 mihi
1616 1954 1748 2010 dicendo:
1774 1959 1841 2025 (ῑιιιζι

1015 2040 1089 2112 tepet
1104 2039 1174 2094 fiac?
1189 2056 1235 2095 me
1249 2038 1397 2109 lectorem,
1415 2057 1461 2096 me
1476 2042 1571 2114 operis
1581 2042 1840 2116 solummodotctsi

1015 2145 1071 2183 non
1088 2126 1224 2199 alterum)
1240 2128 1326 2185 istius
1341 2130 1520 2202 perspiciens
1530 2137 1840 2206 amatoremquando-

1015 2215 1133 2288 quidem
1148 2214 1214 2271 aliis
1229 2215 1358 2288 [subaudi
1372 2217 1466 2288 tibris]
1483 2216 1630 2290 indigens,
1659 2219 1712 2275 boc
1735 2221 1838 2276 saltem

1013 2304 1101 2359 solari
1118 2321 1203 2375 possa
1218 2321 1285 2360 eum
1302 2304 1350 2376 qui
1368 2304 1439 2360 mihi
1455 2304 1550 2361 inerat
1571 2307 1699 2363 viderem
1724 2308 1839 2380 legendi

1014 2409 1143 2448 arueram
1159 2393 1244 2465 (398).
1261 2392 1314 2456 Qui
1330 2392 1504 2464 vultitaque
1521 2393 1606 2465 legat,
1625 2396 1675 2466 qui
1699 2397 1762 2451 velt
1788 2414 1837 2452 ne-

1013 2480 1115 2553 gligat:
1132 2496 1178 2535 mo
1195 2497 1262 2536 nem
1285 2481 1476 2553 impulsorem
1503 2498 1589 2537 nomo
1613 2484 1700 2539 dicat.
1728 2486 1761 2540 Et
1786 2486 1836 2556 qui

1013 2568 1057 2642 [f.,
1076 2569 1153 2641 quia]
1167 2569 1203 2624 ad
1218 2570 1273 2624 hoc
1287 2570 1835 2645 tempuspaulovucantiusquamvolui

1012 2658 1117 2729 reperi,
1134 2658 1162 2712 in
1179 2658 1398 2730 prefationibus
1414 2660 1487 2730 (399)
1505 2660 1623 2732 quidem
1640 2679 1685 2716 mc
1706 2680 1778 2733 pone
1792 2669 1837 2719 to-

109 2749 233 2806 tritum
250 2745 351 2803 callem
367 2747 550 2820 aggrederer,
567 2747 618 2819 qni
627 2744 795 2819 multigenis
806 2745 958 2802 scrutiniis
1011 2751 1075 2803 tum
1091 2746 1217 2818 depinxi,
1233 2746 1440 2813 conditionem,
1456 2764 1559 2821 genus.
1576 2767 1692 2817 nomen,
1705 2753 1836 2810 officium

115 2837 243 2895 eisdem
258 2835 374 2892 diutina
386 2822 619 2907 frequentatione
635 2835 805 2908 peragratis,
817 2835 957 2905 Jamabs·
1012 2837 1216 2892 commissam.
1234 2837 1391 2902 fortunam,
1410 2836 1434 2892 si
1451 2836 1506 2893 dici
1522 2839 1636 2902 audeat,
1651 2839 1757 2911 ipsam,
1770 2860 1837 2914 sap-

118 2943 187 3001 qne
201 2925 329 2998 alicujus
353 2923 531 2981 adminiculo
541 2925 682 2991 ductoris,
698 2922 759 2980 solo
784 2923 894 2979 scilicet
907 2921 957 2995 qui
1011 2924 1108 2998 plicia,
1125 2929 1262 2980 tortorem
1277 2924 1375 2996 ipsum
1393 2925 1570 2996 quibusdam
1587 2925 1704 2982 indiciis
1720 2929 1835 3001 script-i-

119 3033 179 3072 ons
194 3013 402 3081 circumfluxit,
420 3012 593 3080 introfluxit,
609 3016 637 3068 et
651 3012 848 3084 preterfluxit,
869 3011 957 3068 fontis
1010 3013 1339 3083 tansmeum,etquod
1367 3012 1550 3080 illimaneat,
1580 3015 1636 3070 nisi
1667 3017 1833 3088 resipuerit,

119 3101 243 3161 lumine
266 3106 424 3176 preeunte,
449 3101 606 3158 comitante
635 3104 664 3157 et
691 3107 840 3174 sequente,
865 3100 956 3156 libero
1011 3102 1200 3175 supplicium,
1229 3118 1345 3173 exque,
1374 3117 1453 3172 rogo,
1488 3107 1562 3156 bens
1592 3101 1695 3158 liberet
1723 3104 1832 3175 ipsam.

124 3209 218 3250 cursu
234 3189 390 3248 valuerunt
404 3190 546 3248 incedere.
965 3177 988 3246 il
1007 3192 1080 3249 Hinc
1094 3192 1200 3247 iterum
1217 3189 1287 3260 quid
1310 3190 1469 3263 gerendum
1496 3207 1548 3246 nec
1571 3194 1699 3263 gestum,
1715 3199 1831 3266 gestum

163 3283 210 3339 36.
227 3281 280 3354 egi
295 3284 394 3336 autem
408 3278 473 3346 hoc,
489 3297 546 3335 non
571 3283 605 3335 ut
620 3279 674 3336 hac
701 3283 761 3336 arte
788 3278 953 3335 doctrinam
974 3319 975 3324 η
1008 3281 1095 3337 fuerit
1109 3295 1161 3337 nec
1186 3279 1358 3352 gerendum:
1376 3295 1439 3350 quaa
1464 3295 1531 3333 cum
1552 3281 1652 3334 omnia
1676 3283 1758 3352 quasi
1775 3283 1831 3340 sub
1879 3276 1883 3285 ’

129 3371 264 3429 conferre
278 3384 486 3442 presumersm
511 3367 610 3434 alicui,
638 3367 689 3424 scd
706 3386 742 3424 ne
764 3385 869 3424 rursus
892 3367 953 3423 hec
1007 3369 1140 3445 personis
1155 3368 1290 3432 aliorum,
1308 3384 1343 3422 ne
1368 3365 1451 3422 facile
1473 3366 1589 3422 valeant
1611 3369 1763 3440 expiscari,
1789 3371 1830 3425 vi·

131 3460 233 3517 eadem
249 3455 447 3526 meditatam
466 3457 529 3529 jam
558 3457 695 3524 fecerant,
719 3457 955 3529 subterfugerent
1008 3460 1132 3515 deantur
1147 3455 1268 3528 prolata,
1279 3455 1457 3510 mibitamen
1472 3454 1591 3510 iiasunt
1604 3460 1712 3527 aptata,
1726 3464 1831 3514 utmox

132 3548 203 3605 mihi
218 3545 487 3619 (titolliecmirum
501 3544 526 3601 si
536 3544 954 3618 pancacongeri,paucaetiam
1009 3548 1081 3604 liant
1095 3551 1204 3617 aperta,
1216 3542 1833 3616 cumobtutibusfuerintprasentatazqun-

130 3636 277 3695 valuerint
292 3634 447 3701 recordari,
462 3635 613 3692 recordata
627 3635 714 3690 etiam
742 3650 799 3689 non
815 3633 887 3689 adeo
912 3634 955 3688 di·
1010 3653 1067 3708 qus
1082 3633 1218 3689 universa
1233 3636 1294 3686 tam
1309 3636 1393 3686 cante
1409 3630 1649 3701 invenirepoterit
1659 3635 1832 3703 cxsccutn,si

132 3730 207 3784 serto
219 3723 296 3783 satis
309 3723 547 3795 decussatimque
571 3723 702 3796 proferri,
728 3739 796 3779 cum
811 3727 840 3778 et
862 3724 956 3777 abun·
1010 3724 1056 3780 cui
1068 3723 1198 3778 studiose
1214 3720 1314 3776 eadem
1326 3719 1445 3774 libuerit
1460 3719 1575 3787 rimare,
1587 3720 1671 3776 utbis
1683 3722 1835 3794 propalan-

133 3817 313 3872 deuteriam
328 3828 416 3886 parvo
431 3811 580 3869 sufficiant
591 3811 681 3885 operi,
697 3811 794 3868 desint
805 3811 894 3868 etium
905 3810 957 3883 qui
1010 3813 1056 3869 dis
1072 3811 1167 3885 putari
1184 3811 1277 3883 possit
1292 3809 1438 3880 sagacitas
1453 3808 1602 3864 laborasse
1618 3816 1722 3866 nostras
1740 3812 1835 3867 inten-

135 3903 272 3961 solatium
289 3901 384 3957 ferant
395 3898 473 3964 libri.
490 3900 588 3956 absint
601 3906 630 3957 ct
644 3899 843 3972 colloquentes
858 3899 957 3970 amici,
1010 3903 1099 3960 tionis
1116 3902 1145 3956 in
1161 3906 1220 3956 tam
1237 3898 1350 3972 prolixa
1364 3898 1438 3954 serie
1450 3897 1636 3970 praefationis.
1648 3902 1758 3972 Corpus
1768 3919 1836 3958 vero

136 3990 311 4050 obnubilans
326 3989 413 4046 etiam
428 3988 523 4063 ipsam
539 3990 647 4046 mentis
664 3989 756 4044 aciem
772 3989 850 4044 adsit
876 3988 958 4044 labor
1010 3988 1837 4064 totumoperisitacompegi,utabcrationcadlectionem,

137 4078 299 4149 infortunii,
314 4077 488 4136 memoriam
497 4095 565 4136 vero
576 4077 879 4146 moerorbebetaverit;
890 4095 957 4134 cum
1012 4080 1167 4138 electione
1181 4078 1216 4133 ad
1239 4077 1402 4132 orationem
1428 4092 1585 4131 conversus
1612 4078 1696 4149 (400),
1721 4078 1836 4136 nullum

138 4170 271 4244 equidem
286 4172 316 4227 et
338 4168 403 4241 ipsa
426 4168 628 4224 obmutescere
652 4166 745 4223 soleat
770 4167 917 4234 facundia,
933 4165 958 4222 si
1012 4187 1065 4226 nec
1080 4163 1729 4230 athletenccadversariocolludium,nnllam
1743 4167 1838 4222 indul·

167 4276 251 4404 (393(
260 4275 433 4331 Anteuiciriia
448 4275 516 4329 tucis
531 4277 601 4329 sunt
616 4274 749 4344 quedam
766 4272 840 4329 lucis
864 4273 957 4344 initia,

141 4363 196 4420 que
264 4343 350 4404 Italis
363 4343 548 4418 appellantur
563 4345 696 4401 tartaree.

167 4419 246 4494 (³911)
261 4416 430 4490 Legendum
445 4417 567 4484 videtur,
583 4433 633 4472 nec
645 4417 961 4489 rmacrcmlastrereper

142 4504 175 4549 me
189 4490 264 4548 atior
280 4490 441 4561 angiportus
457 4489 591 4545 librorum

1049 4275 1166 4346 (395)Ιά
1182 4278 1235 4341 est,
1252 4288 1288 4326 ne
1303 4271 1538 4343 subterfugerent
1549 4269 1631 4335 mihi,
1649 4275 1682 4326 ut
1692 4272 1753 4342 jum
1769 4274 1837 4328 sub·

1013 4348 1204 4416 terl'ngerant.

1050 4418 1123 4488 (399)
1140 4415 1214 4471 Male
1230 4414 1260 4469 in
1273 4412 1397 4483 vulgatis
1413 4428 1485 4483 erpo.
1502 4412 1612 4467 Sensus
1628 4416 1681 4467 est:
1699 4413 1836 4469 facundia

622 4487 739 4554 riorum,
756 4487 782 4541 id
795 4491 839 4543 est
852 4487 960 4560 prisco·
1014 4489 1087 4545 solet
1102 4489 1312 4550 obmutescere,
1329 4502 1353 4539 si
1369 4483 1436 4555 quis
1451 4481 1579 4555 agersui
1594 4498 1714 4554 compos
1729 4483 1768 4539 sit
1779 4484 1835 4540 lta-

141 4573 199 4620 tnm
216 4560 375 4627 librorum,
391 4576 448 4632 quo
463 4559 583 4616 nomine
596 4504 687 4615 iibens
702 4563 730 4615 et
745 4558 901 4640 scriptores
917 4575 960 4615 sa·
974 4551 997 4616 l)
1011 4559 1123 4616 therius
1137 4562 1232 4612 antem
1250 4555 1286 4610 ab
1302 4554 1493 4621 calamitates,
1510 4570 1583 4625 quas
1603 4554 1779 4626 patiebatur,
1805 4573 1837 4613 se

139 4631 348 4715 crossuperius
363 4629 536 4704 designavit;
561 4628 608 4686 his
632 4629 709 4685 enim
732 4645 858 4685 maxime
877 4628 961 4686 libris

137 4706 316 4763 adveniunt
329 4703 492 4774 sequentia:
509 4704 540 4758 lc
555 4703 653 4774 quitus
667 4702 719 4756 etsi
739 4701 774 4756 ad
787 4701 895 4772 alipaid
917 4702 933 4772 (
949 4732 960 4742 -

133 4779 195 4832 citis
209 4776 357 4838 tanceas,
369 4774 516 4846 perplura
527 4773 651 4845 difficilis
664 4774 768 4828 exitia·
783 4788 816 4827 ac
839 4771 961 4845 proinde

134 4847 229 4904 addit:
245 4844 299 4901 Sed
313 4845 375 4900 illos
384 4846 515 4971 'qsnnctqs
528 4844 638 4913 Patres)
651 4859 703 4914 per
716 4844 810 4898 onznia
825 4859 963 4926 sequerer,

130 4915 964 5069 meitetitstetetteattitulati

130 5059 359 5133 frequentatione
369 5061 535 5131 pancratis,
555 5059 714 5128 rrraltrpcars
738 5065 881 5113 cerauniis
902 5073 964 5129 para

130 5135 240 5204 adaque
254 5131 313 5185 atto
327 5129 496 5207 admiratorio
521 5129 649 5196 ductoria,
677 5128 733 5184 solo
748 5168 852 5184 .....
874 5129 961 5198 sontis

133 5201 246 5268 lamiae
256 5204 410 5274 precante,
423 5203 579 5267 comitante,
596 5205 622 5256 et
633 5203 761 5272 sequente
769 5201 913 5255 nutrierant
922 5201 963 5254 in-

133 5274 232 5330 cedere
244 5288 326 5328 car-ra
339 5272 433 5329 litero.
446 5273 558 5328 Insistit
572 5271 715 5345 allegorice
729 5271 890 5343 labyrinthi,
904 5286 962 5340 quo

135 5343 540 5417 nominssacrasScripturas
549 5342 965 5415 adteappellaverat:labyrin-

137 5417 201 5471 dias
213 5415 422 5487 Scripturaram
436 5415 525 5471 ediec
533 5413 803 5487 perinaggressibilis
811 5414 889 5469 initii.
907 5417 965 5468 Hu-

135 5488 187 5560 jus
203 5491 304 5545 antem
319 5486 476 5560 labyrinthi
493 5485 964 5561 angiportus,seuflexuosasvias,

139 5574 266 5631 quarum
282 5557 377 5615 facilis
393 5557 540 5626 introitus,
550 5562 576 5613 et
593 5554 886 5624 difficilisestexitus,
897 5572 964 5611 san·

142 5630 196 5689 atis
211 5628 347 5687 Patribus
361 5629 532 5688 ductoribus
546 5627 602 5687 sibi
618 5626 786 5684 lustrandas
802 5627 966 5701 proposuit.

1013 4630 1101 4687 voluti
1120 4645 1229 4700 regrum
1246 4627 1370 4699 prefert.

1050 4701 1124 4772 (397)
1139 4701 1235 4755 Primo
1250 4697 1361 4753 scilicet
1376 4712 1468 4762 caasa,
1485 4713 1538 4751 cur
1551 4695 1605 4751 hoc
1622 4713 1696 4768 opus
1711 4698 1837 4770 scripse-

1015 4775 1064 4842 rit,
1081 4773 1135 4827 t'uit
1150 4775 1247 4827 metus
1263 4768 1427 4836 oblivionis,
1440 4774 1472 4823 ut
1487 4785 1521 4824 ex
1536 4769 1726 4840 sequentibus
1740 4770 1838 4841 palam
1888 4779 1889 4785 ’

1016 4847 1075 4902 fiet.

1052 4917 1127 4986 (398)
1143 4914 1171 4970 ld
1189 4917 1246 4969 est:
1260 4912 1433 4982 illecqacstes
1444 4927 1538 4965 stira..
1559 4952 1564 4964 .
1583 4953 1589 4966 .
1608 4912 1790 4983 ,perspiciens
1797 4928 1840 4968 ine

1018 4988 1154 5043 lectorem.
1170 5000 1213 5039 mc
1227 4981 1463 5108 selummodopgpgi
1477 4998 1532 5036 ιιοιι
1546 4982 1676 5047 alterum)
1690 4987 1840 5038 circatorem

1017 5059 1106 5128 operis
1120 5059 1211 5111 istius:
1233 5053 1390 5127 qrreruloqui
1476 5053 1601 5121 indigeas
1625 5055 1690 5108 aliis
1719 5055 1840 5123 (scilicet

1016 5129 1105 5200 fieris)
1128 5127 1247 5183 villere-m
1266 5125 1362 5181 saltem
1389 5126 1437 5179 froc
1464 5140 1544 5195 opere
1566 5126 1661 5193 soteri⁸
1675 5141 1750 5196 prosse
1778 5143 1841 5181 cain

1017 5216 1136 5256 cinerem
1150 5197 1266 5267 legendi.
1283 5198 1330 5268 qui
1345 5196 1435 5251 inerat
1450 5197 1529 5250 mitri.
1547 5195 1615 5250 Post
1630 5196 1771 5252 nonnulla
1787 5214 1839 5269 pro

1017 5273 1159 5328 vacantius
1176 5269 1314 5323 mendose
1331 5267 1358 5321 in
1375 5265 1500 5338 vulgatis
1515 5271 1576 5322 erat
1590 5270 1741 5323 trecenties.

1053 5343 1127 5413 (399)
1144 5341 1322 5411 ereptiones
1336 5343 1418 5393 vocat
1432 5343 1494 5392 tum
1511 5338 1568 5406 hic,
1585 5343 1648 5393 tum
1664 5339 1733 5394 alibi
1755 5339 1840 5394 besee

1019 5413 1106 5488 praelo
1131 5415 1245 5468 uiarum
1260 5410 1361 5466 libros.

1055 5430 1128 5556 (leti
1143 5482 1261 5539 Malcin
1291 5480 1419 5553 vulgatis
1443 5495 1610 5537 conversum.
1637 5481 1728 5537 Voces
1757 5495 1842 5550 perro

1019 5557 1152 5614 cretionis
1175 5558 1204 5610 et
1230 5553 1353 5609 lectionis
1383 5551 1522 5624 peculiari
1536 5558 1565 5608 et
1588 5553 1729 5607 inusitato
1753 5566 1843 5605 sensu

1020 5626 1134 5700 accipit.
1151 5626 1279 5697 Utraque
1294 5624 1372 5681 enim
1389 5639 1458 5680 voce
1482 5623 1534 5681 hos
1561 5623 1786 5697 praloquiorum
1808 5619 1843 5674 li-
