3892 6090
115 277 177 340 879
595 274 833 342 elcesaeum
851 270 1125 338 ceuuouueffls
1146 268 1336 336 EPISCOPI.
1764 265 1820 332 880

117 409 190 465 mihi
206 408 446 483 fideeincognita.
458 408 596 467 listenim
607 407 843 481 calam02sirnilis,
855 408 902 464 cui
913 408 937 465 si
951 408 980 476 Α
994 405 1105 464 Sarlius
1116 405 1193 462 acies
1204 406 1356 471 habuerat,
1367 418 1493 480 quarum
1502 405 1562 460 tres
1577 401 1822 459 contradnscarii

118 486 842 571 innisusuror'ithomo,pollorabitrnanumejus.
863 497 943 553 Vade
996 504 1097 561 unam,
1126 494 1156 549 in
1181 498 1283 566 quaet
1306 494 1369 567 ipse
1391 495 1463 562 erat,
1493 484 1649 548 direxerat.
1666 487 1733 563 ipse
1757 493 1822 548 vein

117 587 226 659 itaque,
240 591 327 660 atque
338 604 354 645 a
364 605 412 644 me
422 592 559 660 suscepta
569 586 703 660 pecunia,
717 590 941 644 monteseorum
996 583 1083 639 lluvio
1098 583 1249 655 interjecto
1265 583 1305 640 rei
1322 585 1459 656 spectans
1474 584 1620 650 eventum,
1638 595 1707 667 eum
1721 580 1824 637 'tribus

117 692 282 749 corrumpe,
295 676 331 732 ab
344 676 474 734 Anscarii
486 676 641 733 dilectione
651 680 818 742 eosamo've,
830 674 942 747 tibique
996 674 1187 728 remanserat.
1201 670 1364 729 Verebatur
1379 668 1469 738 eninr,
1486 669 1565 743 quod
1589 685 1643 725 nec
1661 671 1748 725 tanta
1757 684 1824 724 eum

117 766 273 839 conjunge.
290 768 330 822 Te
345 783 431 822 nemo
447 770 491 822 est
514 765 565 837 qui
590 765 683 837 possit
696 765 730 800 ⁸⁴³
753 765 857 832 iacere,
874 779 941 819 cum
997 761 1093 834 quiret
1108 759 1264 817 multitudo
1282 760 1448 832 defendere,
1464 758 1489 815 si
1502 774 1572 815 suos
1585 757 1614 813 in
1631 773 1701 813 eum
1717 758 1825 814 Ausea-

117 853 235 921 melius‚
250 859 313 911 tum
330 855 523 911 commodius.
551 852 647 910 Habes
668 853 746 908 enim
759 851 840 908 illius
864 851 940 907 'led-
996 849 1058 907 rius
1073 852 1172 923 posset
1186 849 1306 906 obtutus
1325 848 1473 906 inducere.
1499 847 1583 903 Haud
1599 863 1694 915 mora,
1711 845 1824 902 bellurn

116 943 207 1011 baldi,
224 944 281 998 mei
298 943 411 1016 nepotis
426 943 556 1000 defuncti
566 941 668 1014 optimi
677 941 943 1008 marchionissae-
996 938 1146 1013 incipitur,
1154 934 1185 994 in
1199 937 1482 1011 qucArcodus,quia
1490 936 1685 1015 fugerat,ncn
1695 934 1824 1003 videtur,

119 1047 191 1100 rem,
209 1033 294 1105 cujus
311 1033 428 1089 auxiliis
443 1033 534 1088 iratus
547 1034 671 1088 cunctus
688 1031 723 1085 ad
738 1034 766 1086 te
781 1029 877 1086 veniet
892 1046 942 1103 po·
995 1022 1169 1084 Wilrbertus
1185 1044 1251 1084 vero
1272 1031 1364 1084 morte
1385 1031 1471 1084 tenus
1486 1024 1668 1094 vulneratur,
1681 1024 1825 1098 quoniam

119 1121 219 1195 pulos.
236 1143 250 1172 »
266 1116 419 1178 Proiectus
434 1121 570 1193 denique,
587 1119 665 1175 hand
682 1134 766 1175 secus
786 1124 873 1190 atquc
893 1118 944 1173 rex
998 1117 1116 1189 quidem
1128 1117 1201 1173 mori
1221 1117 1314 1174 satius
1333 1134 1421 1190 quam
1433 1116 1532 1189 sugere
1545 1112 1638 1170 duxit.
1656 1112 1712 1170 ilis
1727 1112 1825 1186 itaque

120 1209 285 1284 predixerat
298 1210 516 1266 Camerinorum
533 1226 566 1264 ae
580 1207 794 1280 Spoletinorum
816 1206 943 1279 populus
998 1206 1135 1263 omnibus
1153 1198 1190 1262 ab
1212 1206 1351 1264 Anscario
1378 1204 1544 1270 debellatis,
1565 1204 1641 1260 duas
1669 1200 1697 1258 ei
1717 1201 1826 1259 iterum

119 1299 189 1372 egit.
206 1303 385 1372 congregata
398 1299 496 1372 itaque
509 1296 709 1365 multitudine,
726 1297 762 1352 ad
771 1301 836 1352 eam
848 1294 876 1350 in
886 1311 944 1367 qua
997 1294 1109 1351 sarlius
1121 1295 1197 1352 acies
1208 1295 1307 1362 mittit,
1320 1313 1377 1351 uno
1390 1293 1575 1352 solummodo
1586 1309 1688 1349 secum
1701 1295 1824 1348 retenta

119 1387 279 1444 Ansoarius
306 1392 369 1444 erat
396 1387 545 1445 civitatem
579 1400 734 1459 properare
763 1384 883 1441 festinat
909 1383 944 1418 ³⁸⁸
998 1381 1825 1458 CumqueAnscarius,quissuorumincampooccumbe-

120 1476 201 1540 Quod
217 1493 284 1533 cum
314 1477 444 1532 audisset
471 1474 640 1544 Anscurius,
663 1473 890 1546 antesignanum
910 1474 944 1508 ³⁴⁶
999 1471 1682 1545 ret,velletinquirere,nonsuotantumquam
1699 1466 1825 1527 alienun

120 1582 208 1621 suum
225 1565 341 1622 nomine
355 1566 538 1623 wikbertum
556 1563 663 1620 talibus
684 1564 806 1619 adorsus
822 1565 867 1618 cst
880 1578 943 1618 ver·
999 1561 1141 1634 sanguine
1164 1566 1332 1618 cruentatus
1344 1561 1515 1619 Wikbertus
1535 1560 1561 1616 ci
1572 1559 1714 1616 occurrit.
1731 1559 1784 1616 Cui
1799 1563 1826 1616 et

120 1654 185 1711 bis:
999 1653 1058 1708 eit:
1076 1674 1091 1701 α
1108 1651 1177 1707 Duru
1201 1654 1301 1707 contra
1328 1667 1381 1707 nos
1405 1651 1481 1707 acics
1496 1649 1530 1685 ⁸⁵¹
1555 1646 1713 1722 perpulere
1738 1648 1824 1705 armis

489 1744 584 1799 Verso-s
958 1777 982 1843 Β
1000 1741 1147 1797 instructa
1160 1740 1328 1812 adveniunt,
1345 1757 1419 1812 quas
1429 1743 1456 1795 te
1466 1739 1564 1813 potius
1575 1736 1728 1795 declinare
1738 1740 1824 1812 quadr

159 1854 172 1882 ι(
189 1831 302 1888 Sarlius
317 1831 444 1899 inbellis,
462 1830 622 1886 multorum
639 1829 711 1884 lisus
725 1828 756 1883 in
769 1828 871 1897 armis,
997 1833 1150 1902 expectare
1164 1828 1252 1884 etiam
1268 1831 1355 1900 atquo
1368 1827 1456 1885 etiam
1472 1826 1700 1900 rogcdrcodus,
1718 1830 1752 1882 ut
1765 1826 1823 1903 ipse

157 1919 344 1990 Pugnaturus
359 1919 438 1986 adit;
456 1917 502 1973 cui
518 1918 606 1973 lortcs
618 1920 732 1988 pectore
747 1920 775 1971 et
790 1916 880 1971 ermis
996 1918 1070 1974 bene
1080 1916 1154 1972 nosti
1166 1915 1517 1989 pugnaehujusincentor,
1527 1913 1655 1989 qualiter
1664 1900 1821 1989 suinge'r'it,

157 2007 315 2061 Occursare
330 2007 412 2061 decet
426 2004 593 2077 bellumque
607 2004 714 2059 inierre
728 2006 893 2059 cruentum.
997 2006 1087 2062 vides.
1104 2006 1161 2077 ligo
1177 2020 1243 2060 vero
1258 2005 1371 2076 positus
1387 2004 1416 2059 in
1428 2002 1576 2069 extremis,
1589 1996 1822 2076 nonccgitojam

158 2094 243 2149 Lecta
259 2109 364 2149 manus
375 2095 530 2164 Juvenum,
543 2092 686 2165 bellisque
696 2092 821 2148 exercita
830 2092 942 2161 multis,
997 2094 1032 2149 de
1048 2109 1156 2167 pugna,
1168 2093 1218 2148 sed
1236 2093 1453 2149 misericordem
1469 2092 1562 2148 Deum
1576 2108 1647 2165 rogo
1658 2108 1714 2165 pro
1728 2092 1822 2149 animi

158 2183 209 2237 Est
219 2181 277 2238 huc
287 2182 320 2216 ³⁸⁰
328 2182 567 2254 tendentemque
576 2182 767 2237 mecumitata
775 2184 942 2255 patronum,
1000 2199 1035 2238 ne
1051 2181 1124 2237 mihi
1139 2182 1266 2255 imputet
1280 2183 1324 2251 ⁸⁵²,
1341 2199 1405 2254 qua
1424 2181 1460 2237 ob
1477 2181 1661 2238 dilectionem
1681 2179 1727 2236 tui
1742 2180 1822 2237 hodie

158 2271 293 2325 Protinus
308 2270 450 2337 adveniet,
467 2269 546 2326 l'ulvo
563 2271 698 2326 decorata
714 2268 869 2326 metallo.»
997 2271 1160 2328 commerui
1180 2269 1313 2338 crimina,
1329 2270 1483 2327 hominum
1499 2270 1561 2327 neci
1581 2270 1681 2327 dando
1707 2285 1823 2343 corpora

155 2360 182 2413 6.
198 2359 375 2428 Hisauditis,
388 2359 571 2424 Wikbertus,
586 2362 619 2413 ut
630 2362 691 2414 crat
700 2359 744 2414 vir
757 2375 814 2414 non
826 2359 945 2418 audatie
1001 2360 1103 2417 multa.
1121 2381 1135 2409 »
1151 2359 1201 2415 His
1214 2359 1345 2432 expletis,
1358 2358 1506 2433 expiravit.

121 2447 217 2504 solum
232 2463 333 2504 verum
349 2449 437 2504 etiam
453 2448 575 2504 scientia
588 2448 697 2504 iratus:
715 2470 729 2497 «ι
742 2447 836 2517 Mane,
848 2448 899 2518 ait,
910 2465 944 2506 ac
1033 2451 1061 2506 8.
1075 2447 1195 2506 Collecti
1210 2446 1310 2520 itaque
1324 2448 1483 2505 Auscarius
1499 2465 1573 2522 quos
1586 2448 1696 2520 potuit,
1710 2448 1822 2504 duabus

121 2537 220 2610 copias
236 2541 323 2609 prout
346 2537 423 2610 potis
435 2541 479 2594 est
494 2540 669 2610 congregato
684 2537 728 2591 aar,
746 2537 885 2611 Pergrave
900 2541 945 2595 est
998 2537 1154 2613 phalangis
1169 2553 1322 2604 occurens,
1340 2553 1390 2593 eas
1410 2537 1486 2593 inter
1514 2537 1697 2593 furibundus
1723 2535 1823 2593 insiliit

121 2624 942 2698 enim‚exercituicumtampaucisnumerosooccurrere.
999 2625 1822 2700 stragemqueinuumeramdedit.Comesquidam,iiatto

122 2714 220 2770 Sedet
236 2714 261 2769 si
276 2713 454 2785 quibuscum
470 2729 516 2768 res
539 2713 636 2786 agitur
650 2713 869 2783 animadvertis,
894 2715 943 2771 he·
999 2716 1128 2783 nomine,
1144 2714 1259 2773 duabus
1275 2714 1334 2771 illis
1348 2718 1471 2788 praerat
1486 2714 1615 2784 aciebus,
1632 2715 1686 2789 qui
1702 2715 1757 2773 hae
1772 2715 1822 2771 tu·

122 2817 187 2856 roes
198 2804 278 2865 sunt,
290 2800 368 2855 baud
380 2800 594 2874 segniusatque
604 2818 657 2857 nos
666 2800 744 2857 bello
754 2803 920 2858 assuefacti.
930 2825 944 2854 »
999 2804 1092 2863 suario
1104 2803 1230 2860 occurrit
1242 2800 1356 2871 fidutia,
1371 2803 1522 2876 quoniam,
1534 2801 1754 2876 contractejam
1765 2800 1825 2860 lac·

122 2888 139 2945 J
142 2905 189 2944 am
204 2887 361 2944 anscarius
370 2888 523 2944 Witrberto
539 2894 617 2946 reeta
627 2889 683 2946 sibi
693 2889 856 2946 consulenti
867 2893 945 2948 ooni-
999 2910 1058 2965 cea,
1075 2891 1167 2949 solnm
1180 2891 1209 2947 in
1221 2907 1310 2947 manu
1321 2890 1385 2961 ejus
1396 2890 1507 2947 viderat
1517 2890 1744 2958 hastamouem
1753 2888 1822 2949 dum

31 3010 34 3014 ,
122 2983 188 3024 vere
202 2968 377 3036 decreverat,
394 2968 573 3041 directisque
589 2985 800 3042 usquequaque
820 2971 943 3044 nuntiis,
998 2981 1125 3038 intuitus
1139 2983 1216 3037 esser
1229 2979 1406 3036 Ausonius:
1421 3000 1435 3030 «
1447 2979 1529 3036 Tune
1544 2996 1585 3047 ὃς,
1599 2978 1676 3049 infit,
1692 2978 1745 3053 qui
1755 2996 1822 3038 cou-

123 3070 299 3129 congregare
315 3054 473 3112 exercitum
489 3063 618 3130 cuperet,
639 3073 707 3112 cum
732 3058 862 3116 Arcodus
878 3061 943 3132 qui·
998 3072 1110 3142 tempto
1126 3069 1221 3125 crucis
1236 3071 1266 3124 et
1279 3071 1450 3124 sanctorum
1474 3068 1656 3141 juramento,
1684 3069 1820 3143 perjurus

122 3144 203 3212 dam,
220 3143 457 3218 Burgundiffllum
475 3146 618 3218 flantium
641 3151 734 3214 ortus,
757 3147 942 3208 wikbertum
957 3131 980 3207 C
999 3159 1028 3215 in
1044 3157 1162 3216 nomine
1177 3157 1228 3214 Dei
1245 3156 1287 3213 tui
1303 3173 1351 3214 me
1365 3160 1450 3215 tuum
1476 3156 1629 3214 dominum
1651 3157 1819 3227 deseruisti,

119 3230 178 3288 ista
194 3230 392 3289 consulentem
409 3232 495 3290 dictis
508 3233 674 3307 increparet
689 3234 819 3293 amaris:
836 3237 944 3297 «Chre
998 3252 1027 3306 et
1041 3248 1076 3305 ad
1093 3245 1211 3321 vulpem
1241 3244 1366 3303 sarlium
1381 3246 1536 3320 transluga
1562 3262 1595 3304 ac
1611 3247 1745 3305 desertor
1770 3246 1820 3303 ab·

120 3319 201 3386 meti,
215 3318 322 3392 inquit,
349 3320 514 3391 similises,
544 3323 594 3396 qui
611 3325 647 3379 ob
663 3323 803 3383 l'rasonis
831 3330 943 3386 metum
998 3336 1074 3395 istit

119 3407 223 3466 Thaidi
240 3408 275 3464 de
289 3408 476 3467 occludendis
488 3411 594 3468 edibus
605 3411 773 3481 consilium,
786 3416 881 3486 quoad
896 3417 945 3473 ad·
1029 3426 1093 3477 Essa
1106 3425 1210 3490 aliquos
1224 3439 1319 3476 manes
1334 3414 1361 3476 et
1375 3424 1548 3477 subterranea
1562 3439 1648 3492 regna
1660 3427 1736 3490 (129).

117 3502 235 3554 vocatos
250 3497 305 3555 sibi
322 3498 413 3555 aiore
423 3498 552 3569 duceret,
565 3496 662 3569 dedit3
675 3517 763 3574 quem
774 3519 842 3560 cum
852 3503 943 3563 Thais
997 3516 1027 3574 in
1044 3516 1151 3590 quibus
1173 3514 1283 3589 perjuri
1298 3514 1468 3588 puniantur,
1494 3514 1626 3571 cocitum
1640 3514 1677 3550 ⁸³⁸
1691 3506 1819 3572 erimar

118 3586 286 3660 prohiberet
311 3587 386 3660 (126)
399 3606 406 3644 :
422 3589 496 3657 Quod
523 3591 688 3647 ramacieto
712 3599 770 3660 tac,
787 3592 828 3648 ait
849 3610 944 3652 coum
1027 3607 1108 3671 Stigio
1123 3617 1202 3655 ranas
1217 3604 1245 3675 in
1259 3603 1363 3668 gurgite
1375 3603 1465 3668 nigras
1478 3605 1552 3667 1131),

115 3678 343 3748 praetermittam
369 3677 511 3734 admittere
538 3683 587 3735 cst.
604 3679 673 3737 iloto
699 3695 746 3752 eqo
768 3697 817 3738 cos
838 3686 944 3757 prospi·
996 3686 1047 3761 qui
1063 3682 1649 3758 usquemcdosomniasti‚reipsaquam
1662 3698 1817 3757 moxexps·

118 3779 187 3830 cere,
203 3780 286 3835 quom
300 3766 397 3821 eiciam
408 3766 442 3801 ³⁸³
458 3772 567 3839 occepta
582 3769 705 3840 injuriat
720 3769 846 3842 Optime,
861 3772 942 3829 Wilr·
996 3775 1072 3832 rire!
1089 3798 1103 3826 »
1120 3768 1186 3830 Haeo
1200 3772 1311 3843 dicens,
1327 3772 1454 3841 hastam,
1465 3789 1554 3846 quam
1565 3772 1717 3830 sineterra
1729 3775 1816 3848 gesta-

118 3852 820 3925 bertus,inquam,Thrasonisiecistimemoriem
827 3859 941 3932 militis,
997 3865 1057 3933 bat,
1074 3880 1123 3921 uer
1134 3880 1166 3919 os
1181 3860 1260 3918 illius
1273 3861 1368 3918 valide
1377 3860 1504 3933 jaciens,
1526 3860 1673 3934 sanguine
1688 3861 1813 3918 cerebro·

120 3939 171 4011 qui
187 3939 288 3996 rabido
303 3940 386 4014 prius
401 3957 450 3999 ore
464 3942 626 4013 deseviens,
642 3961 709 4000 cum
720 3945 756 4001 ad
770 3962 832 4002 rem
842 3954 941 4008 veram
996 3970 1054 4025 que
1083 3967 1246 4024 respersam
1263 3966 1315 4023 per
1349 3949 1518 4023 occipitium
1546 3948 1665 4018 eduxit3
1696 3964 1817 4023 enseque

117 4030 237 4084 ventum
253 4033 339 4098 esset,
355 4029 504 4101 syriscum
520 4031 550 4086 in
565 4033 666 4090 dextro
681 4049 782 4101 cornu,
797 4037 942 4108 symalio-
997 4042 1155 4109 abstracto,
1167 4039 1308 4113 quoniam
1324 4038 1410 4096 multi
1426 4053 1516 4112 super
1536 4053 1568 4095 se
1589 4037 1748 4107 irruerent,
1776 4036 1816 4095 di·

117 4132 186 4173 nem
201 4117 232 4172 in
247 4115 365 4174 sinistro
388 4119 570 4176 constituens
591 4121 677 4193 (127),
693 4121 756 4194 ipse
771 4123 827 4180 sibi
843 4123 941 4184 locum
996 4130 1104 4186 micare
1119 4126 1231 4185 naviter
1244 4127 1340 4201 coepit.
1356 4127 1497 4200 Cumque.
1513 4125 1605 4183 nullis
1615 4122 1672 4184 sibi
1683 4125 1814 4184 ammini-

116 4208 184 4279 post
198 4205 341 4278 principia
357 4206 433 4280 (128)
448 4207 545 4282 elegit.
559 4209 780 4283 Burgundiones
790 4213 869 4269 enim
878 4230 942 4289 gar·
996 4216 1175 4287 colantibus,
1191 4215 1324 4273 omnium
1339 4232 1422 4290 poene
1434 4214 1564 4272 hostium
1578 4213 1662 4273 solus
1676 4214 1813 4290 impetum

116 4294 244 4352 rulcs⁸⁴⁰
258 4310 333 4365 esse,
358 4313 477 4354 voraces
493 4315 527 4354 ac
552 4298 684 4369 inbelles,
710 4299 809 4357 nullus
825 4318 875 4375 qur
891 4321 940 4364 ecs
996 4307 1164 4376 sustineret,
1179 4305 1237 4361 hue
1251 4305 1378 4378 illucque
1406 4303 1587 4372 discurrens,
1619 4303 1740 4377 sonipes
1760 4317 1813 4376 que

117 4384 229 4442 noverit
242 4384 432 4460 ambigitsed
445 4391 475 4443 et
490 4403 578 4460 quarn
594 4387 761 4461 perfortiter
775 4406 851 4464 saepe
865 4393 940 4453 iece—
995 4396 1142 4453 insederat
1168 4393 1203 4430 ⁸⁸⁸
1229 4394 1300 4450 adeo
1330 4393 1360 4448 in
1389 4391 1522 4450 scrobem
1551 4388 1669 4461 cecidit,
1684 4395 1718 4449 nt
1745 4388 1812 4449 collo

116 4475 169 4543 ris,
188 4490 262 4547 quas
284 4473 423 4548 fugiendo
449 4475 612 4545 declinasti,
636 4477 786 4536 cicatrices
809 4480 979 4575 indicantD
995 4470 1814 4557 suppositopedibusquesursumerectis,eousqueaupcr

117 4564 258 4636 001'Wis-
276 4586 291 4614 ”
993 4571 1169 4631 Anscarium
1192 4572 1312 4644 jaceret,
1329 4570 1421 4627 donec
1435 4569 1472 4626 ab
1488 4566 1653 4631 irruentibu
1681 4567 1813 4625 hostibus

149 4653 177 4706 7.
195 4651 370 4724 Hujusmodi
386 4653 485 4726 itaque
500 4654 659 4711 Anscarius
670 4659 758 4728 atque
768 4658 938 4720 Wilrbertus
993 4662 1111 4720 directis
1123 4659 1286 4717 missilibus
1297 4659 1487 4716 occideretur.
1498 4658 1696 4727 Quomortuo,
1706 4654 1812 4714 Sarlius

114 4737 213 4796 exitati
223 4740 321 4807 dictis,
332 4741 381 4798 ubi
392 4741 520 4800 Serlium
530 4758 595 4799 esse
609 4759 676 4799 cum
688 4744 790 4802 multis
802 4748 936 4822 audiunt,
993 4768 1093 4810 maroa
1107 4766 1208 4808 secure
1223 4748 1342 4822 potitur,
1359 4751 1388 4805 et
1399 4764 1448 4805 rex
1460 4746 1544 4819 Hugc
1558 4745 1668 4819 gaudio
1683 4746 1811 4803 inmense

114 4841 204 4899 quam
213 4843 353 4884 moxcum
361 4831 462 4903 paucis
471 4847 626 4903 properare
636 4834 825 4892 contendunt.
835 4837 890 4895 Sex
904 4840 938 4878 ³¹⁵⁰
992 4840 1129 4899 allicitur.

795 4951 916 5014 VARlAE
935 4956 1163 5018 LECTIONNES.

147 5039 182 5075 ³⁸³
217 5043 306 5100 osscit
322 5045 345 5102 1.
385 5044 590 5103 ⁸“iestinett
627 5045 661 5081 ⁸⁸³
689 5048 906 5122 antesignatum
923 5063 988 5116 l.2.
1026 5058 1059 5093 “⁶
1088 5055 1251 5111 buuceorr.
1282 5052 1340 5110 huc
1356 5051 1380 5110 1.
1420 5052 1453 5088 ³⁸⁷
1480 5052 1670 5158 congregata.
1707 5047 1741 5085 ³⁸⁸
1768 5047 1812 5107 ul·

108 5109 179 5220 gest
195 5058 221 5168 d
259 5115 294 5150 ⁸⁸⁹
308 5115 427 5189 gerulos
444 5119 468 5173 1.
507 5116 541 5153 ³⁸⁰
556 5116 612 5174 Sed
629 5118 654 5199 l.
671 5120 696 5173 2.
713 5119 819 5178 5aset
845 5127 873 5181 5.
890 5128 946 5186 Sex
959 5132 986 5187 3.
1024 5129 1057 5165 ³⁸¹
1086 5131 1165 5182 uetes
1181 5126 1207 5181 1.
1231 5126 1315 5198 poulo
1338 5129 1406 5182 onte
1433 5124 1556 5183 occurit.
1605 5123 1628 5158 ⁸¹
1653 5123 1770 5195 utputet
1783 5120 1808 5179 1.

159 5181 274 5242 Cortum
289 5202 359 5243 cerr.
375 5189 468 5246 eadem
481 5205 567 5244 mccc
582 5188 719 5247 (tumtum
735 5192 760 5247 1.
777 5195 911 5256 cocitum
925 5202 954 5257 2.
969 5202 1004 5238 ³⁸⁴
1018 5197 1202 5257 insedederat
1216 5196 1242 5252 l.

910 5314 1026 5391 noris.

157 5387 219 5459 156)
235 5388 351 5449 larem.
367 5393 441 5451 ltun.
458 5390 505 5463 lV,
521 5409 560 5467 vr,
576 5413 604 5453 v.
620 5394 666 5456 el.
1021 5402 1085 5479 (129
1105 5398 1240 5470 Juvenal,
1251 5401 1310 5459 Sat.
1328 5402 1445 5471 11,1lc.

50 5510 54 5515 ’
155 5460 514 5601 idiiii;i11¹.l¹.¹’ri2⁵‘
1023 5476 1087 5549 (⁴³⁰
1111 5470 1393 5535 ³⁰v⁰n⁸¹'¹'¹'⁴⁵⁰‘
