3876 6084
107 296 167 356 261
569 290 754 353 lntrflattll
778 286 899 381 llatae.
927 283 1071 346 VERON.
1096 286 1181 348 tter.
1205 285 1305 350 PARS
1328 286 1352 350 i.
1755 285 1816 349 268

108 442 201 483 eorum
220 425 306 498 (Paul.
323 441 418 493 savin,
435 426 493 497 28),
507 426 577 482 dum
601 423 711 480 scilicet
735 421 865 495 maligna
883 435 931 474 vo·
947 416 975 485 Α
989 419 1013 486 (l
1026 419 1099 474 Petra
1112 435 1143 488 μ,
1154 420 1194 490 9),
1207 425 1235 476 et
1249 420 1325 477 Petri
1339 421 1553 491 testimonium,
1564 424 1593 478 et
1605 418 1697 478 millia
1711 437 1819 494 appro-

107 513 207 570 luntos
228 530 329 569 eorum
350 514 565 586 nequissimum
584 512 715 587 pervenit
729 512 764 567 ad
787 511 935 576 etloetum,
989 507 1061 562 bunt
1084 508 1331 566 testimoniorum.
1353 510 1434 575 Quod
1459 510 1585 583 denique
1615 510 1817 567 testimonium

107 610 140 660 ut
154 620 210 660 nori
221 605 324 660 intrent
336 604 517 676 injustitiam
529 604 586 671 Dei,
598 601 647 658 sed
663 601 806 657 deteantur
819 599 852 654 de
867 598 935 653 libro
989 594 1046 652 alio
1062 596 1204 654 testinans
1229 615 1336 672 ponere
1360 615 1418 655 nou
1443 615 1665 673 proposueram,
1676 600 1727 657 sed
1746 600 1818 673 quia

107 695 269 760 uiuentium,
284 696 310 747 et
338 709 400 749 cirin
420 692 506 764 justis
531 709 586 748 nori
612 692 768 747 scribantur
783 687 861 762 (ltin.
877 686 933 759 29).
989 701 1022 742 se
1033 685 1108 742 ultro
1119 686 1236 756 obtulit,
1248 687 1336 758 abjici
1347 688 1515 745 nullomodo
1527 689 1640 761 potuit:
1653 689 1751 745 forsan
1764 705 1817 746 nec

108 781 239 855 Paupere
252 786 280 838 et
295 781 409 837 dolente
424 799 441 836 a
455 779 549 836 saluto
559 779 609 835 Dei
622 781 767 850 suscepto,
780 780 812 832 ut
827 773 937 848 magni·
990 773 1090 831 minus
1106 774 1178 832 alias
1192 775 1237 832 sui
1254 777 1473 849 opportunitate
1487 775 1606 834 valebit.

108 871 175 926 ficet
190 887 257 926 eum
274 870 303 925 in
319 869 414 936 laude,
426 872 454 925 et
468 868 567 925 laudet
582 884 688 924 nomen
703 867 768 939 ejus
783 865 812 921 in
824 863 936 920 cantico
1024 866 1069 917 20.
1086 861 1194 918 Verum
1216 867 1309 935 potest
1333 863 1406 931 fieri,
1424 868 1456 919 ut
1470 880 1521 937 per
1543 866 1638 920 lotum
1653 862 1694 920 ita
1708 880 1738 920 se
1754 880 1818 920 rem

109 958 188 1032 (llio.
205 958 260 1027 31).
278 957 359 1014 Unde
374 973 452 1030 ergo,
470 961 502 1012 ut
523 956 593 1027 dixi,
610 956 661 1012 Dei
676 956 751 1012 iram
767 956 934 1027 provocant,
991 968 1049 1007 non
1064 951 1181 1019 habere,
1195 957 1227 1007 ut
1239 952 1312 1008 dicis
1323 951 1517 1020 inveniamus,
1531 951 1557 1009 si
1570 951 1746 1010 ventilemus
1756 953 1818 1010 dis·

109 1046 167 1104 nisi
182 1046 258 1102 unde
269 1046 327 1102 Deo
340 1045 474 1118 quamvis
489 1045 684 1102 secretissimo
695 1043 808 1101 consilii
820 1041 866 1099 sui
879 1041 937 1098 dis·
991 1039 1107 1097 cassius
1122 1039 1204 1114 (222).
1218 1042 1325 1098 Videor
1339 1042 1419 1098 enim
1442 1041 1516 1098 mihi
1531 1042 1640 1116 optime
1655 1041 1820 1118 intelligere

110 1135 204 1208 posito
219 1135 415 1207 permittente,
428 1134 525 1189 locum
549 1133 734 1206 accipientes,
749 1132 849 1189 omnia
873 1147 936 1203 qua
990 1127 1062 1201 quid
1071 1129 1261 1186 desiderares.
1271 1130 1370 1203 Lupus
1379 1131 1457 1188 euim
1465 1130 1662 1204 cumsisipae,
1670 1136 1819 1204 pastorem

110 1225 164 1292 ira,
176 1222 380 1295 cupiditasve!
394 1221 531 1294 superbia
544 1238 644 1277 eorum
655 1221 755 1285 dictat,
767 1224 867 1294 agunt,
885 1236 937 1276 nec
991 1217 1128 1273 timidum
1142 1235 1304 1292 canemque
1316 1224 1433 1276 nautum
1447 1218 1534 1277 valles
1549 1219 1688 1277 invenire.
1700 1220 1735 1276 Et
1750 1237 1820 1278 cum

111 1312 311 1388 permittentis
322 1310 470 1382 justitiam
485 1315 628 1379 verentes,
642 1327 694 1366 nec
709 1310 848 1382 pictatem
864 1325 937 1380 pen·
991 1306 1123 1362 Ecclesiae
1139 1308 1180 1363 sis
1196 1308 1332 1380 publicus
1355 1310 1463 1381 prado,
1477 1309 1719 1365 contradictorem
1736 1310 1821 1367 inve·

111 1405 285 1469 santes,ncc
300 1399 458 1471 ancipitem
473 1398 524 1454 Dei
547 1398 677 1471 gladium
701 1401 872 1465 metuentes,
884 1412 937 1452 nec
991 1395 1048 1452 uiri
1063 1395 1152 1453 vallas
1170 1395 1294 1453 nullum.
1311 1399 1376 1467 Sed,
1393 1415 1409 1453 o
1425 1396 1621 1472 importabilis
1636 1401 1769 1455 sarcina!
1792 1404 1823 1456 et

111 1493 277 1562 respectum
293 1504 382 1560 super
405 1487 592 1543 aiilictioncm
614 1486 789 1543 miserorum
805 1484 937 1543 conside·
993 1485 1113 1543 abierit
1129 1504 1136 1542 :
1152 1488 1210 1543 Nou
1224 1488 1313 1543 solum
1334 1490 1382 1560 qui
1399 1489 1516 1561 sociarit,
1533 1487 1580 1544 scd
1594 1489 1678 1544 etiam
1692 1490 1742 1561 qui
1755 1504 1821 1545 con-

111 1583 220 1644 rantcs,
233 1581 380 1649 postremo
392 1592 427 1632 ne
438 1575 481 1631 vel
496 1575 603 1632 suimet
618 1575 850 1633 consideratione
865 1573 938 1630 alio·
991 1579 1113 1631 sentiunt
1135 1578 1309 1648 facientibus,
1324 1577 1403 1648 diqrn
1416 1586 1480 1634 sunt
1499 1581 1605 1635 morte?
1620 1576 1706 1649 (Rern.
1724 1595 1745 1645 1,
1761 1579 1822 1648 22.)

111 1683 177 1722 rum
193 1665 321 1722 miseriis
343 1662 540 1733 condolentes,
552 1681 647 1737 neque
672 1664 832 1737 prophetici
858 1663 937 1719 illius
995 1664 1046 1721 Ubi
1061 1665 1138 1736 quod
1154 1664 1225 1721 dicit
1240 1665 1307 1721 alibi
1324 1665 1402 1722 idom
1417 1683 1424 1722 :
1442 1667 1600 1739 Quicunque
1615 1666 1733 1723 oolaerd
1748 1669 1821 1723 cmi·

109 1753 280 1826 improperii
307 1752 605 1824 reminiscentcs‚quo
621 1753 676 1808 sub
693 1769 817 1825 persona
841 1752 1037 1854 impichus
1064 1755 1159 1809 saculi
1185 1755 1266 1826 liujus
1295 1771 1363 1823 esse,
1393 1757 1523 1812 inirnicus
1548 1757 1598 1811 Dei
1622 1757 1823 1812 constituitur?

111 1842 266 1917 Babylonis
296 1840 404 1898 talibus
433 1841 575 1897 Dominus
604 1842 772 1913 exprobrat,
803 1840 903 1897 dicens
930 1857 937 1897 :
993 1842 1324 1915 (Jac.1v,l.)Uhiillud
1348 1842 1573 1900 Psalmistaszsi
1592 1844 1821 1917 uidebassurem,

111 1934 200 1988 lrotus
215 1948 277 1987 sitm
291 1947 372 2003 super
384 1931 517 2003 populum
532 1947 641 1992 cneum:
655 1931 840 1986 coreturninaui
853 1931 938 1986 licere-
992 1930 1120 1986 currebas
1135 1947 1197 1986 mern
1211 1948 1241 1987 eo
1257 1932 1340 2003 (Parit.
1354 1949 1430 2000 arax,
1444 1931 1498 2004 19),
1510 1932 1537 1988 id
1550 1937 1603 2001 est,
1616 1933 1822 1993 consentiebas

111 2021 224 2077 dilatem
237 2036 335 2087 rurum,
352 2023 377 2074 et
391 2019 454 2074 dedi
468 2034 511 2073 eos
533 2020 562 2073 in
577 2023 740 2080 accinctina:
755 2035 810 2075 non
821 2019 939 2090 posuisti
993 2019 1038 2075 eil
1051 2024 1129 2086 Hac,
1144 2020 1221 2077 122
1236 2023 1269 2074 ut
1283 2020 1396 2092 opinor,
1414 2037 1504 2077 causa
1527 2021 1582 2077 suit
1602 2021 1736 2089 dissidii;
1761 2022 1822 2079 haec

111 2111 151 2166 eis
165 2107 378 2174 subericonlias,
394 2112 418 2163 ct
434 2108 574 2164 recantata
599 2124 625 2163 cs
650 2109 792 2163 rrouasinri
805 2109 848 2163 tui
862 2109 937 2177 (lsai.
993 2114 1073 2174 nota,
1086 2109 1163 2180 quod
1181 2107 1299 2182 ingeris,
1318 2108 1465 2178 criminis;
1483 2111 1561 2182 quod
1576 2109 1712 2167 uidelicet
1728 2117 1758 2167 tu
1775 2128 1822 2168 res

111 2198 242 2270 xnv11,6);
252 2196 479 2269 terribiliterque
489 2201 556 2268 post
567 2195 717 2269 aliquanta
726 2196 936 2253 concludentis:
993 2213 1095 2252 omnes
1110 2195 1227 2252 volebas
1238 2201 1337 2253 tenere
1351 2195 1493 2266 Ecclesia,
1505 2215 1572 2254 eum
1582 2215 1650 2255 vero
1660 2200 1737 2273 (223)
1748 2217 1822 2257 mer-

115 2288 215 2355 Veniet,
227 2285 374 2359 iuquiens,
386 2301 468 2358 super
482 2288 509 2340 tc
523 2287 637 2352 rnatum,
653 2289 679 2340 et
693 2287 797 2341 nescies
808 2287 882 2342 121
896 2300 939 2340 or·
993 2285 1142 2342 cenarium
1165 2285 1218 2351 tui,
1231 2303 1288 2341 non
1313 2290 1459 2358 pastorem
1488 2288 1585 2361 gregis
1613 2304 1678 2345 esse
1693 2288 1820 2357 Christi;

112 2380 171 2436 tum
185 2377 259 2448 ejus·
274 2378 299 2430 et
314 2374 401 2430 irruet
419 2391 502 2445 sapor
515 2378 541 2429 tc
555 2374 710 2442 calamitas,
725 2392 808 2448 quarn
823 2392 877 2430 μοι]
888 2389 938 2446 po·
992 2373 1105 2447 hocque
1120 2373 1176 2430 sibi
1192 2373 1346 2447 displicere
1361 2374 1459 2448 aliquo
1474 2375 1630 2433 resistendi
1646 2377 1822 2435 monstrauit

112 2467 177 2522 teris
188 2466 310 2537 expiare.
331 2464 420 2521 l'enict
444 2480 527 2534 super
550 2467 576 2518 ic
602 2465 724 2531 miseria,
741 2480 825 2536 quarn
851 2464 939 2519 nescis
992 2480 1107 2536 genere,
1122 2480 1219 2536 regom
1236 2468 1263 2519 te
1278 2463 1342 2535 ipsa
1356 2463 1531 2538 etymologia
1552 2482 1662 2539 pensus
1678 2467 1729 2522 ubi
1746 2471 1821 2524 recte

112 2555 188 2624 (lsai.
204 2570 290 2621 aevu,
305 2554 344 2622 6),
361 2556 531 2624 ceteraque,
555 2552 663 2622 quibus
692 2553 800 2620 nescio,
826 2558 938 2625 utrum,
993 2569 1104 2626 ageres,
1127 2553 1221 2608 iurem
1248 2551 1297 2607 uhi
1322 2552 1510 2627 sacrilegium
1535 2560 1719 2627 perpetrares
1735 2557 1817 2630 (221).

113 2642 185 2715 quid
201 2640 359 2697 terribilius
375 2643 463 2714 queat
476 2640 624 2696 inveniri?
992 2640 1134 2697 Ceterum
1149 2640 1293 2713 quidquid
1309 2642 1418 2697 tactum
1439 2642 1488 2709 sit,
1505 2642 1649 2715 quidquid
1664 2660 1818 2718 perperam

149 2731 192 2787 19.
204 2730 284 2796 Quod
302 2728 336 2797 si,
349 2734 381 2784 ut
405 2729 440 2784 ad
466 2728 554 2784 David
582 2728 745 2797 redeamus,
771 2745 860 2786 more.
878 2771 885 2785 .
904 2770 911 2784 .
929 2772 936 2785 .
991 2729 1145 2803 contigerit
1156 2729 1208 2802 (ita
1222 2729 1300 2785 onim
1316 2746 1413 2787 sermo
1428 2736 1474 2787 est
1485 2731 1625 2804 agendus,
1640 2749 1695 2789 ceu
1709 2733 1817 2790 tactum

112 2818 306 2877 usitatissimo
328 2817 508 2890 respondens
523 2817 731 2889 [respondebat
744 2834 856 2890 magna·
872 2818 938 2891 qui·
992 2819 1081 2874 suerit
1094 2823 1122 2874 et
1137 2818 1301 2891 contigerit)
1313 2819 1391 2891 quod
1404 2836 1439 2875 ne
1453 2820 1504 2875 ssat
1517 2824 1546 2876 et
1560 2823 1723 2894 contingat,
1734 2822 1819 2880 inter·

112 2906 338 2982 dempatientiae
367 2904 438 2961 illud
469 2903 633 2978 exemplum
665 2906 794 2976 [subaudi
808 2906 938 2979 Doridis]
991 2905 1818 2981 dicerelaborhicnostercontandit:nunquidnamnon

113 2999 215 3068 fuisse,
232 2997 281 3054 sed
306 2994 392 3051 hodie
416 2995 474 3050 ista
498 3011 555 3050 non
580 2999 760 3067 competere,
777 2995 937 3068 respondeo
991 2995 1093 3051 debuit
1107 3000 1208 3052 auctor
1222 2995 1288 3051 tacti
1302 2994 1414 3068 judicio
1429 3012 1576 3053 canonum
1591 2998 1674 3071 prius
1690 2999 1819 3072 legitima

112 3087 182 3160 quia
197 3085 291 3158 magis
307 3084 393 3141 bodie
407 3083 547 3156 competit
565 3081 634 3138 talia
653 3099 741 3156 quam
756 3088 826 3139 tunc
844 3101 850 3140 :
868 3088 937 3141 tune
991 3083 1161 3151 examinari,
1172 3087 1201 3139 et
1214 3083 1239 3139 si
1252 3080 1384 3157 legaliter
1396 3084 1500 3142 luisset
1510 3087 1670 3153 convictus,
1684 3087 1749 3162 ipse
1761 3104 1818 3145 sua

112 3177 191 3232 enim
202 3176 282 3246 juste
298 3173 404 3229 licebat
424 3171 536 3239 ulcisci,
549 3172 634 3228 modo
658 3189 710 3229 nee
734 3171 820 3229 irasci
832 3172 935 3246 (itant.
952 3148 973 3216 c
993 3172 1190 3229 damnationis
1210 3172 1304 3241 testis,
1316 3173 1409 3244 judex
1433 3178 1462 3230 et
1485 3190 1588 3231 censor
1610 3175 1746 3248 effectus,
1762 3192 1818 3233 non

112 3281 140 3332 u,
155 3267 211 3330 22).
224 3262 293 3329 Hoc,
311 3261 408 3334 inquis
426 3260 511 3333 (221),
524 3260 588 3316 ideo
612 3260 682 3332 quio
705 3261 842 3319 dominus
866 3278 939 3320 suus
988 3263 1051 3333 jam
1067 3263 1257 3318 damnaretur
1271 3266 1303 3317 ut
1324 3263 1489 3335 episcopus,
1506 3263 1556 3320 sed
1571 3279 1617 3332 eo,
1632 3263 1656 3319 si
1674 3264 1715 3321 ita
1730 3281 1763 3321 se
1776 3265 1819 3322 lex

115 3353 220 3419 iuerat,
246 3351 315 3424 egit.
331 3351 386 3417 Tu,
402 3348 536 3420 inquam,
552 3348 616 3405 ideo
642 3349 712 3422 quia
734 3355 835 3422 pastor
857 3355 937 3420 tuus,
992 3351 1123 3418 haberet,
1135 3351 1277 3423 deposito,
1287 3354 1315 3406 et
1326 3349 1383 3407 alio
1394 3351 1529 3408 Ecclesiae
1539 3352 1711 3421 substituto,
1723 3358 1753 3410 et
1766 3354 1820 3411 iste

113 3440 255 3516 propheta
269 3445 349 3505 tuus,
366 3437 487 3511 angelus
502 3443 581 3504 tuus,
590 3438 681 3509 Judox
692 3443 771 3502 tuus.
782 3439 858 3496 Deus
869 3444 939 3498 tuus
992 3457 1104 3513 parnas,
1120 3439 1144 3495 si
1160 3438 1259 3507 velles,
1269 3441 1348 3512 juste
1363 3439 1458 3497 lueret
1471 3458 1523 3513 pro
1535 3441 1704 3509 commisso,
1716 3446 1746 3499 et
1760 3448 1818 3499 tam

112 3531 220 3599 iuerat,
231 3527 449 3586 consentaneus
459 3527 588 3584 fecisses.
599 3526 708 3583 Verum
723 3527 749 3584 si
763 3526 851 3585 altius
867 3527 938 3600 quid
992 3527 1226 3586 sacratissimum
1236 3527 1431 3584 ministerium
1442 3527 1662 3586 conviciaretur
1669 3529 1698 3585 in
1707 3529 1816 3604 aliquo,

32 3618 37 3623 ’
109 3621 140 3676 in
155 3616 328 3690 hujusmodi
354 3617 428 3674 facto
448 3615 519 3672 velis
543 3615 654 3685 rimari,
666 3616 741 3672 scias
760 3616 846 3673 David
862 3622 890 3674 te
906 3617 936 3673 in
991 3622 1019 3674 et
1034 3616 1162 3673 Ecclesia
1174 3621 1266 3673 mater
1281 3633 1333 3690 per
1345 3622 1404 3673 tam
1415 3618 1547 3674 diuturni
1557 3619 1700 3691 temporis
1710 3621 1816 3693 spatia,

109 3709 166 3764 isto
181 3707 308 3774 turbato,
322 3710 354 3760 ul
369 3705 453 3772 dicis,
468 3721 556 3777 regno
572 3704 710 3775 injuriam
727 3709 807 3761 tuam
823 3706 935 3778 signiti-
990 3710 1051 3763 tam
1067 3706 1159 3762 nimia
1176 3704 1376 3779 deperditione
1401 3723 1521 3762 suorum
1538 3705 1666 3762 filiorum
1691 3724 1752 3764 non
1767 3725 1817 3764 su·

109 3810 205 3860 casse,
216 3791 285 3848 Saul
296 3808 362 3848 vero
374 3797 495 3848 unctum
511 3791 642 3863 quidam,
655 3793 789 3863 sedjusti
800 3811 935 3866 porsecu-
990 3795 1112 3851 stinoret
1127 3792 1315 3867 praejudicia?
1331 3792 1384 3850 Ubi
1400 3794 1478 3850 enim
1493 3796 1579 3864 (225),
1594 3811 1669 3867 quos
1685 3812 1745 3852 uno
1761 3795 1816 3852 sal·

106 3889 210 3950 torem,
227 3876 450 3954 praepositorum
469 3879 642 3945 qucclcsia,
654 3880 705 3936 scd
721 3880 934 3954 negligentium
988 3884 1046 3937 tem
1057 3879 1186 3953 paschali
1197 3884 1328 3952 tempore
1337 3880 1440 3936 eadem
1450 3880 1552 3937 debuit
1561 3882 1746 3954 pareratilii,
1754 3885 1817 3957 ipsa

50 3980 55 3993 ·
106 3971 249 4028 ordinem.
260 3968 330 4025 Saul
351 3968 450 4040 itaque
465 3971 570 4040 purgat
591 3973 721 4025 ventrem
737 3970 762 4041 (1
775 3972 840 4040 lteq.
856 3988 934 4041 xxix,
988 3969 1136 4036 viduant
1156 3968 1196 4024 ita
1214 3967 1319 4037 dicam,
1345 3969 1409 4026 sina
1432 3970 1579 4026 consortio
1603 3974 1749 4043 tanquam
1764 3971 1816 4028 viri

106 4061 143 4129 1),
160 4075 227 4114 cum
243 4057 368 4130 quilibet
381 4073 482 4113 eorum
498 4057 534 4112 de
549 4074 580 4113 so
596 4055 672 4114 male
695 4057 841 4130 opinionis
857 4060 935 4118 elicit
988 4055 1129 4113 existente
1140 4056 1656 4115 matretluanimoexcaditdictum:
1667 4061 1817 4129 Quoslieus

106 4148 237 4204 fetorem.
251 4145 333 4202 Dolet
345 4145 432 4201 David
448 4162 479 4202 se
490 4161 571 4201 oram
583 4144 746 4219 chlamydis
756 4149 821 4218 ejus
836 4148 933 4205 absci-
987 4145 1143 4218 conjurarit,
1158 4146 1237 4201 bomo
1251 4163 1307 4201 raon
1322 4150 1428 4218 speret
1452 4146 1554 4219 (diutili.
1575 4164 1632 4214 xix,
1645 4148 1689 4220 6);
1706 4166 1775 4205 cum
1789 4153 1817 4206 et

105 4236 186 4293 disse
199 4234 419 4307 (ibid.,6),quia
433 4233 517 4289 valde
534 4234 724 4291 metuendum
749 4240 794 4291 est
814 4236 934 4293 cuilibet
987 4234 1017 4290 in
1043 4233 1240 4307 primordialis
1260 4236 1334 4307 (226)
1356 4235 1533 4308 virginitatis
1561 4238 1817 4295 commendatione

107 4366 240 4382 ......
255 4322 371 4379 etiamsi
387 4322 425 4378 sit
440 4327 468 4378 et
482 4322 545 4394 ipse
559 4327 664 4379 unctus
680 4327 711 4378 ut
725 4322 825 4392 David,
842 4323 887 4381 rel
902 4326 932 4382 in
987 4322 1073 4397 primi
1089 4321 1218 4378 hominis
1235 4323 1418 4396 prophetiam
1435 4339 1584 4397 exponens
1598 4325 1759 4398 Apostolus
1771 4327 1817 4382 di·

105 4417 235 4470 extrema
250 4410 361 4467 actione
381 4410 592 4485 reprehendere
615 4410 775 4484 quemlibet
799 4412 931 4470 Hebraeo·
986 4417 1032 4469 cat
1049 4429 1055 4468 :
1072 4411 1290 4478 Sacramentum,
1306 4412 1454 4486 inquiens,
1471 4414 1520 4470 lice
1539 4430 1670 4486 uuquam
1693 4421 1737 4472 cst
1750 4431 1817 4488 :eqo

105 4519 182 4558 rum.
212 4500 318 4573 Regale
348 4504 446 4556 autem
477 4502 610 4555 nostrum
641 4515 706 4556 esse
738 4503 1079 4577 sacerdotiumpoutern
1094 4501 1153 4556 dico
1170 4502 1201 4556 in
1221 4500 1328 4556 Christo
1351 4505 1376 4557 et
1399 4503 1430 4556 in
1453 4502 1574 4558 Ecclesia
1588 4502 1698 4574 (Epiros.
1715 4521 1744 4574 v,
1759 4505 1815 4579 32).

142 4623 216 4707 (221)
233 4623 374 4679 construe
389 4628 417 4678 et
431 4623 543 4697 explica
555 4641 561 4679 :
574 4624 637 4689 lloc,
653 4624 828 4697 inquisitae
845 4627 932 4684 nand
989 4645 1045 4683 non
1062 4625 1219 4697 consensit,
1233 4626 1283 4681 sed
1299 4625 1407 4682 restitit
1421 4626 1482 4700 rogi
1495 4642 1501 4683 :
1516 4643 1627 4699 petuas,
1643 4627 1672 4684 id
1688 4632 1736 4686 cst
1748 4645 1816 4687 cum

106 4699 170 4767 eqrt,
187 4695 253 4765 quia
267 4693 337 4749 Saul
352 4695 483 4749 Dominus
496 4711 563 4750 saus
576 4698 678 4767 [uerat.
984 4699 1157 4771 Judicasset,
1173 4705 1198 4752 tc
1219 4698 1278 4769 ipsa
1293 4698 1454 4769 etymoloqia
1475 4713 1566 4770 reqem
1590 4715 1657 4768 esse,
1673 4700 1724 4756 ubi
1746 4706 1818 4758 reete

143 4766 217 4837 (222)
232 4764 321 4821 idest
337 4765 476 4832 exactius,
493 4782 545 4821 seu
561 4765 736 4839 diligentiori
753 4769 896 4826 examine.
988 4785 1090 4841 rrqrrcs,
1106 4771 1197 4840 [arem
1212 4768 1260 4823 uli
1273 4769 1449 4840 sacritrqium
1460 4774 1642 4841 perpetrares.
1659 4769 1731 4828 Post
1744 4789 1816 4845 pau·

145 4835 268 4908 (223)1μ
285 4834 410 4907 vulgatis
431 4838 598 4908 perturbato
627 4854 726 4905 sensu,
740 4843 769 4894 et
796 4842 935 4898 mendosa
989 4858 1032 4907 ca,
1049 4840 1181 4895 Caeterum
1205 4840 1387 4912 scripsimus,
1409 4840 1460 4897 ubi
1485 4858 1638 4914 perperam
1662 4840 1818 4917 legebatur

106 4924 170 4964 cunr
184 4922 246 4963 uero
265 4908 401 4974 ludum,
417 4907 529 4963 scilicet
551 4908 732 4981 episcopum,
749 4927 798 4966 rex
822 4911 935 4969 volebat
989 4917 1111 4968 certum.

110 4995 242 5035 essenon
254 4983 399 5050 pastorem
410 4979 507 5053 gregis
518 4978 635 5047 Christi,
647 4981 696 5035 sod
709 4984 933 5039 mercenarium.
1024 4982 1098 5053 (225)
1110 4981 1175 5036 ilrec
1188 4984 1220 5035 ut
1230 4997 1352 5036 sensum
1365 4981 1490 5054 aliquem
1507 4984 1816 5067 congruumgreddant,

110 5049 239 5121 Respicit
267 5051 398 5123 Hugonis
427 5051 547 5117 iactum,
577 5051 654 5122 quod
686 5049 715 5106 in
743 5051 827 5177 epist.
843 5056 871 5120 5,
897 5055 933 5111 ad
990 5054 1031 5110 sic
1057 5053 1252 5108 construenda
1276 5052 1501 5112 videntur:b'bi
1527 5071 1601 5110 enim
1629 5055 1685 5127 fiiri
1699 5057 1817 5185 (supple

107 5122 251 5178 loannem
268 5122 326 5182 ΧΠ,
343 5138 425 5176 num.
442 5123 469 5180 1.
482 5122 655 5194 exprimitur
669 5121 735 5177 sic:
778 5125 933 5199 isittHugo
987 5127 1078 5193 erunt)
1111 5139 1158 5179 uos
1177 5139 1231 5179 uno
1253 5124 1621 5198 sollempascbatitempore
1642 5126 1739 5184 eudem
1787 5145 1817 5184 c·

108 5196 168 5262 rex)
183 5195 212 5247 in
235 5195 365 5263 pitaciolo
389 5201 491 5249 certain
506 5194 687 5274 quantitatem
710 5195 850 5265 stipendii,
864 5195 935 5269 quod
989 5195 1077 5253 clesia
1091 5141 1183 5251 inbuit
1200 5211 1307 5267 parere,
1323 5197 1383 5267 ipsu
1397 5205 1483 5252 matre
1495 5200 1639 5280 malente*
1653 5206 1685 5254 ut
1710 5200 1751 5256 ita
1773 5199 1817 5255 di-

108 5272 229 5320 trnerern
248 5264 281 5319 dc
303 5266 382 5319 rebus
398 5265 530 5329 Ecclesia,
542 5263 575 5318 de
588 5269 694 5320 calens
710 5266 821 5336 euiqrus
840 5269 933 5340 jusju-
987 5285 1057 5334 cum,
1074 5275 1205 5338 tarrquarn
1228 5266 1311 5321 indua
1328 5269 1535 5324 siuecousortio
1551 5270 1659 5335 ntrr·,1d
1684 5274 1732 5326 est
1755 5271 1818 5345 epi·

107 5335 236 5400 raud-um,
253 5335 385 5391 utdiebus
399 5335 477 5390 illius
492 5335 599 5407 filiique
612 5336 657 5391 sui
670 5336 790 5407 carptius
804 5354 860 5394 ηομ
874 5341 933 5395 eci·
987 5339 1079 5412 scopi,
1096 5339 1182 5409 cujus
1197 5342 1258 5393 erat
1274 5337 1404 5408 paschali
1419 5342 1549 5412 tempore
1565 5340 1727 5414 baptizare.
1742 5340 1820 5400 Scri·

106 5423 208 5479 qerern.
224 5407 279 5477 qu
299 5407 453 5478 intettiqrns
474 5411 578 5478 quanto
600 5407 755 5464 absurditas
769 5409 818 5466 boc
842 5426 933 5467 conse·
988 5411 1103 5486 psimus
1118 5417 1260 5482 tanquam,
1277 5409 1326 5465 uhi
1342 5414 1405 5466 erat
1419 5426 1587 5483 quanquam.

107 5486 245 5558 queretur,
262 5494 317 5535 non
331 5478 467 5537 cousenu.
1023 5481 1099 5615 (226(
1113 5479 1325 5538 Primordiatenr
1348 5482 1536 5554 oirqtnitatcm
1554 5485 1640 5543 vocat
1661 5497 1734 5544 eum
1757 5488 1819 5544 sta·

144 5549 217 5638 (221)
231 5548 296 5613 ttae
310 5548 348 5612 ad
362 5548 533 5632 episcopum
556 5549 731 5627 reseruntur,
746 5551 798 5634 qui
812 5568 846 5615 ea
859 5552 889 5617 iu
904 5570 936 5619 ra
987 5560 1062 5630 tum,
1099 5568 1186 5635 equo
1199 5552 1230 5615 ta
1246 5551 1522 5618 stutuinuocsutia
1542 5557 1611 5617 aute
1632 5554 1819 5623 usuum
