3892 6090
123 267 181 333 807
601 260 839 329 uturauauel
860 255 1134 326 caaileuausls
1156 256 1349 325 aclsceul.
1769 255 1824 322 Μ

123 399 316 479 Berenguius
324 398 489 468 tumberto,
497 413 603 473 magne
612 415 679 455 cum
688 398 814 455 exercitu
826 397 943 470 Papiam
958 400 986 465 A
1001 402 1064 450 tum
1079 394 1197 467 ingenie
1213 394 1332 463 callens,
1344 394 1374 449 in
1389 392 1454 466 ipse
1475 407 1526 450 ces
1555 392 1652 451 nectis
1671 390 1823 450 conticinio

122 490 263 560 tendenti,
279 490 430 563 copiarum
446 489 592 563 paucitate
605 488 722 545 obviare
730 486 874 560 nequiret,
890 486 945 541 Vc·
1001 482 1150 557 epprimit,
1167 482 1346 540 dormientes
1356 482 1432 552 ferit,
1449 480 1748 555 oscitantesjugulat.
1758 483 1825 539 Van·

121 579 332 653 recempetiit,
349 578 485 652 isticque,
500 594 622 636 securus
652 575 763 650 deguit.
792 576 855 632 Non
881 581 947 648 pest
1000 576 1064 628 tum
1081 571 1256 644 deniquead
1271 571 1352 644 ipses
1368 576 1422 640 est,
1439 570 1824 645 quibujusductercseaer-

121 667 249 726 multum
264 683 330 725 vere
341 666 482 739 temperis
493 666 668 723 humbertus
679 681 805 722 sexeum
818 664 947 722 essetvir
1002 661 1078 717 citus
1092 665 1185 718 eraut.
1201 665 1332 734 Cumque
1346 661 1383 718 iis
1398 677 1457 718 nen
1472 677 1507 717 ex
1522 658 1719 716 multitudine
1745 659 1824 730 aliua,

120 774 253 826 severus,
265 754 448 830 principibus
462 755 559 830 gravis
569 760 615 812 est
627 755 719 812 visus.
730 754 811 811 Unde
821 758 850 811 et
869 753 947 827 lega·
1000 749 1051 806 sed
1065 766 1115 805 rea
1129 749 1193 821 ipse
1206 749 1336 822 praeclari
1349 750 1441 823 hujus
1457 749 1595 806 facinoris
1606 747 1735 804 nuntius
1745 754 1824 817 esset,

119 850 165 904 tos
177 845 322 905 Vemaam
337 845 479 920 dirigunt,
496 860 594 918 regem
610 842 820 917 berengarium
849 843 884 899 ad
914 858 951 911 se,
1000 854 1060 895 non
1073 836 1138 894 dice
1152 838 1314 911 pugnandi,
1328 855 1431 896 verum
1442 837 1572 911 fugiendi
1586 842 1687 894 terror
1697 836 1763 911 ipse
1771 839 1826 896 abs

117 934 227 1004 venire,
244 935 433 992 lambertum
449 950 517 991 vere
532 932 677 1007 expellere
688 935 802 1006 petunt.
1000 925 1069 983 tulit
1084 926 1262 984 facultatem·
1278 931 1387 984 Verum
1404 926 1609 999 llduprflndutb
1620 926 1694 1000 suga
1717 926 1821 999 lapsus.

154 1024 199 1081 38.
215 1023 424 1099 Magimfredus
439 1025 589 1096 praterea,
601 1021 742 1095 predives
752 1019 946 1078 Mediolanen·
1000 1015 1192 1072 Adelbertum
1201 1015 1278 1072 intra
1285 1015 1458 1073 animalium
1465 1032 1596 1089 presepe
1604 1014 1821 1073 latitantemde-

119 1111 251 1170 sisurbis
263 1128 371 1178 cemes,
384 1106 783 1183 quinquennlehuicrebellis
795 1107 944 1175 extiterat,
1000 1103 1128 1176 reliquit.
1147 1103 1199 1168 Qui
1215 1104 1287 1160 dum
1298 1108 1432 1178 repertus
1445 1108 1524 1161 esset
1542 1109 1632 1177 atque
1653 1108 1726 1161 ante
1753 1106 1821 1178 regis

118 1201 169 1274 qui
185 1217 243 1257 nea
259 1199 355 1257 solum
372 1199 474 1255 urbem
490 1197 521 1253 in
533 1195 718 1271 quarcbellis
728 1200 800 1262 erat,
810 1193 947 1252 Mediola·
999 1193 1183 1267 praesentiam
1199 1193 1315 1261 ductus,
1331 1210 1400 1250 eum
1414 1192 1482 1250 ilice
1496 1193 1537 1250 ita
1544 1193 1704 1251 convenit:
1718 1193 1819 1251 «Sibil-

118 1290 201 1345 nium
217 1287 340 1356 scilicet,
352 1288 533 1355 defenderat,
549 1302 652 1343 verum
668 1285 756 1342 etiam
770 1283 865 1341 vicina
889 1283 944 1341 eir·
999 1281 1059 1338 line
1076 1282 1178 1355 spiritu
1192 1298 1311 1339 uxerem
1327 1287 1409 1338 tuam
1424 1287 1540 1339 Beatam
1555 1282 1752 1356 prophetasse
1765 1300 1820 1341 crs·

118 1393 307 1450 eumquaque
318 1376 546 1433 lncaLamberte
556 1373 713 1432 servientia
723 1373 945 1446 nimisdepepu·
999 1370 1108 1438 dimus,
1124 1386 1188 1443 qua
1203 1375 1232 1426 te
1243 1371 1365 1427 scientia
1374 1387 1429 1426 sua
1436 1387 1534 1444 regem
1544 1375 1596 1427 aut
1604 1372 1727 1429 asinum
1739 1372 1821 1429 factu-

118 1465 208 1523 labat.
223 1466 304 1532 Quod
319 1466 429 1522 factum
445 1482 494 1522 rex
509 1481 568 1521 nen
583 1480 690 1537 passus
707 1467 751 1519 est
765 1461 845 1518 abire
866 1461 944 1519 iuul·
999 1474 1061 1515 ram
1077 1457 1224 1532 premisit.
1239 1457 1348 1515 Verum
1364 1459 1433 1531 quia
1447 1476 1545 1533 regem
1563 1459 1673 1529 noluit,
1705 1466 1766 1532 aut,
1792 1467 1820 1518 ut

117 1555 180 1609 tum
195 1554 227 1623 ⁰⁹,
243 1550 505 1626 psalmographum
520 1552 542 1586 ⁷⁰
553 1549 625 1606 illud
642 1566 762 1623 persepe
772 1548 942 1606 ruminans:
999 1548 1095 1621 magis
1109 1547 1288 1604 credendum
1303 1552 1357 1617 est,
1370 1565 1427 1605 nen
1442 1549 1547 1621 potuit,
1559 1549 1693 1616 asinum,
1704 1567 1820 1608 nemen·

117 1664 132 1694 a
147 1643 220 1699 Cum
242 1657 379 1716 accepere
409 1645 535 1715 tempus,
567 1656 619 1713 ege
645 1639 778 1711 justitias
803 1638 942 1711 judicabo
998 1636 1112 1705 tiretur,
1129 1636 1232 1704 effecit,
1251 1637 1321 1694 duni
1336 1641 1366 1693 te
1381 1653 1448 1694 eum
1463 1639 1817 1712 Arcadlaepecuaribusad

115 1732 201 1802 (Psct.
216 1749 310 1800 cxx1v,
325 1732 391 1800 3).»
409 1731 483 1786 Nam
497 1733 562 1802 pest
574 1727 728 1802 paululum
744 1727 849 1801 capitis
864 1727 943 1784 hunc
958 1775 982 1841 B
998 1742 1127 1799 presepe
1142 1726 1287 1784 declinare
1301 1727 1412 1800 coegitl
1430 1749 1445 1777 »
1461 1728 1594 1785 Preterea
1615 1728 1673 1787 hec
1689 1745 1756 1786 cum
1769 1730 1816 1787 iste

111 1821 243 1892 jusserat
256 1820 397 1876 damnare
411 1817 565 1874 sententia.
577 1819 646 1883 Qua
661 1834 707 1874 res
721 1821 940 1874 terreremeun·
996 1815 1131 1873 nonnulli
1146 1816 1314 1889 capiuntur,
1329 1815 1508 1887 vinciuntur,
1526 1817 1648 1892 Papiam
1665 1819 1812 1888 ducuntur;

115 1907 170 1964 ctis
184 1908 371 1965 italiensibus
387 1923 444 1962 nen
461 1906 618 1962 minimum
634 1905 750 1961 adtulit.
995 1904 1127 1961 custodie
1138 1904 1355 1977 mancipantur.

151 1997 195 2049 39.
213 1994 273 2066 (Aa.
287 1994 362 2065 898.)
379 1994 510 2066 Denique
524 1994 578 2051 hec
593 1994 694 2050 codem
714 1998 844 2067 tempere
853 1993 939 2049 Adel·
1030 1995 1073 2050 lc.
1090 1993 1142 2050 llis
1157 1993 1197 2050 ita
1211 1994 1312 2066 gestis,
1329 2010 1378 2049 rex
1406 1993 1513 2050 iterum
1544 1995 1721 2054 lambertus
1747 2014 1810 2070 pra·

116 2081 361 2149 bertus,illustris
369 2084 532 2138 Tuscorum
542 2082 682 2150 marchio,
694 2088 782 2154 etque
792 2081 939 2154 lldcpren-
994 2083 1052 2137 fate
1069 2082 1098 2137 iu
1113 2081 1175 2139 lece
1189 2081 1319 2139 llarlnce
1334 2083 1538 2139 venationibus
1559 2089 1724 2158 occupatur
1749 2087 1806 2159 (aa.

115 2173 182 2241 dus,
200 2175 363 2244 prepotens
379 2187 487 2239 cumea,
507 2171 576 2226 huic
605 2170 662 2227 nisi
690 2175 760 2226 sunt
787 2169 937 2226 rebellare.
993 2171 1071 2240 llos.)
1087 2172 1184 2243 quoad
1199 2171 1331 2227 emnium
1347 2172 1514 2245 principum
1530 2173 1659 2241 decreto,
1672 2175 1742 2248 quid
1766 2192 1807 2231 su·

116 2258 336 2332 Tantaquippe
347 2257 519 2315 Adelbertus
539 2263 602 2314 erat
628 2259 775 2332 petentia,
805 2262 836 2315 ut
864 2260 940 2315 inter
993 2261 1151 2333 perceptis
1175 2261 1321 2333 egendum
1350 2265 1437 2330 esset,
1467 2261 1692 2322 deliberaretur.
1719 2263 1807 2320 Sede

115 2365 217 2407 omnes
233 2348 322 2406 ltalia
337 2347 484 2420 principes
496 2348 577 2404 selus
590 2348 653 2422 ipsc
663 2351 855 2422 cognomento
865 2347 939 2403 dice·
993 2348 1106 2405 utinam
1122 2349 1236 2406 venatio
1251 2349 1404 2417 baeeleras,
1416 2366 1474 2406 nea
1490 2356 1701 2424 capcretreges
1713 2351 1808 2409 idiunt

114 2444 195 2496 retur
209 2439 303 2494 Dives.
320 2436 393 2493 Halo
408 2440 551 2493 eratuxer
562 2436 784 2506 nemincssertn,
795 2436 937 2509 flugenis,
993 2455 1073 2505 sanc,
1091 2437 1179 2506 hunc,
1196 2438 1278 2507 dum,
1293 2440 1527 2509 sicutmorisest,
1542 2457 1630 2513 apres
1640 2442 1732 2498 efreni
1742 2443 1808 2498 llse·

114 2526 214 2586 nestro
229 2531 296 2601 post
311 2530 441 2600 tempere
457 2526 545 2600 regis,
561 2528 673 2593 maten
693 2526 779 2597 cujus
797 2525 939 2582 instinctu
993 2531 1212 2600 clareturequo,
1220 2526 1358 2586 cecidisse
1365 2528 1531 2601 collumque
1538 2529 1673 2603 fregisse.
1682 2530 1809 2587 Verumll

111 2624 174 2674 tam
187 2615 298 2674 nelarie
312 2615 389 2689 cepit
402 2614 466 2688 ipse
481 2615 621 2671 facinore.
637 2615 710 2670 Nam
722 2614 843 2671 collecte
858 2630 939 2670 exer·
993 2615 1313 2673 assertionibuicfidem
1321 2618 1441 2690 prebere
1448 2635 1505 2674 nen
1512 2619 1678 2676 absurdum
1688 2637 1810 2678 essenon

114 2704 184 2775 citu,
208 2721 276 2762 eum
306 2702 479 2776 ildeprando
502 2703 608 2759 comite
626 2706 794 2759 constanter
819 2702 939 2777 Papiam
994 2706 1067 2761 dice
1085 2704 1584 2779 listenimaliemertlshujus,qum
1596 2708 1813 2767 mibiverlaimi·

112 2792 371 2852 tenderefestlnat.
995 2794 1049 2850 lier
1063 2793 1186 2861 videtur,
1201 2799 1288 2867 atquc
1312 2795 1450 2852 omnibus
1478 2813 1495 2851 a
1524 2796 1644 2868 populis
1672 2802 1811 2867 narratur,

149 2883 193 2938 le.
210 2881 381 2938 lambertus
395 2879 506 2936 interea
520 2897 579 2946 rex,
593 2879 698 2936 harum
710 2897 807 2937 rerum
817 2879 939 2949 inscius,
994 2883 1125 2938 assertio.
1143 2882 1353 2954 Magimfredus
1368 2883 1595 2941 Mediolanensis
1611 2887 1695 2943 urbis
1710 2904 1812 2953 cemes,

114 2971 145 3028 in
164 2969 305 3036 Marinae,
323 2969 463 3025 lOferme
478 2966 599 3024 milibus
615 2968 703 3041 Papia
717 2969 841 3038 distans,
853 2986 940 3026 vena·
995 2973 1080 3042 cujus
1098 2971 1185 3043 paule
1214 2971 1350 3044 superius
1379 2972 1501 3029 fecimus
1526 2975 1719 3045 montionem,
1748 2978 1813 3032 dum

115 3059 247 3117 tionibus
262 3062 431 3131 occupatur.
448 3057 580 3129 Cumque
595 3057 706 3130 praefeti
718 3057 848 3115 marchio
858 3062 942 3116 etce·
995 3078 1047 3133 pre
1060 3060 1166 3117 scelere
1181 3061 1211 3116 in
1228 3078 1289 3116 rem
1306 3061 1454 3133 publicam
1470 3067 1556 3135 atque
1572 3064 1603 3119 in
1618 3081 1719 3138 regem
1738 3083 1814 3122 cem-

114 3165 177 3205 mes
192 3165 259 3204 cum
275 3148 419 3203 immense
434 3145 620 3203 sediuvelide
632 3147 796 3204 Tuscorum
808 3147 936 3204 exercitu
953 3147 975 3215 C
994 3149 1085 3206 misse
1100 3148 1205 3221 capitis
1217 3149 1329 3220 judicie
1345 3152 1545 3216 damnaretur,
1562 3153 1687 3208 unicum
1703 3170 1813 3225 posses·

113 3237 257 3295 Burdenis
273 3240 403 3292 mentem
418 3233 587 3305 transirent,
603 3235 757 3292 Lamberte
768 3235 829 3309 regi
841 3236 937 3293 medie
993 3239 1159 3296 sionissuoe
1176 3239 1494 3313 vicarium,llugenem
1510 3240 1617 3308 filium,
1648 3236 1810 3316 dereliquit.

112 3324 143 3380 in
159 3342 277 3383 nemore
292 3324 422 3390 venanti,
437 3327 470 3379 ut
480 3324 758 3392 sesereshabuerat,
774 3325 935 3381 nuntiatur.
992 3329 1083 3393 Quem
1095 3327 1167 3382 dum
1184 3326 1357 3384 Lambertus
1373 3346 1422 3385 rex
1437 3346 1502 3385 eum
1516 3330 1609 3387 ferma
1625 3332 1746 3405 egregia
1753 3334 1812 3388 tam

112 3417 141 3471 ls
151 3431 228 3483 vere,
239 3412 936 3486 sicuteratauimiconstansviribusquepotens,
992 3414 1150 3472 nonnullos
1164 3431 1301 3488 superare
1315 3416 1425 3474 videret
1439 3418 1567 3485 audatia,
1583 3418 1680 3476 animi
1697 3420 1744 3477 sui
1760 3435 1813 3476 neu

114 3519 362 3579 suesnenpassus
376 3505 421 3559 est
435 3500 709 3574 militesprestclari
722 3502 788 3569 ;sed
808 3500 939 3559 collectis
991 3521 1114 3578 parvum
1130 3520 1182 3577 pre
1195 3504 1286 3576 patris
1310 3509 1403 3563 morte
1432 3505 1562 3563 delerem
1589 3505 1708 3566 cellatis
1736 3509 1813 3565 nisus

112 3608 186 3665 ques
192 3592 577 3659 seeumhabuerat,eeatum
585 3590 676 3648 ferme
684 3590 838 3660 militibus,
848 3607 936 3648 eursu
992 3597 1036 3652 est
1049 3593 1198 3650 benefieiis
1213 3593 1341 3651 mulcere
1355 3595 1594 3668 quamplurimis.
1611 3596 1698 3654 Unde
1708 3601 1739 3654 et
1751 3612 1813 3654 eum

114 3681 225 3756 prepeti
240 3681 282 3740 eis
298 3680 414 3739 obviare
429 3680 558 3737 festinat.
992 3687 1096 3756 prater
1109 3687 1219 3739 ceterae
1232 3683 1440 3742 familiaritatis
1455 3684 1607 3758 privilegio
1617 3686 1749 3744 dederat.
1765 3687 1814 3743 fa·

149 3770 192 3827 ll.
209 3770 337 3828 lammm
352 3769 531 3827 Placentiam
540 3773 667 3837 venerat,
684 3785 751 3825 cum
777 3767 830 3824 bl⁷¹
855 3770 939 3841 justa
986 3777 1073 3829 etum
1087 3775 1132 3828 est
1146 3776 1257 3844 autem,
1272 3773 1343 3829 dum
1359 3774 1532 3835 Lambertus
1551 3791 1603 3831 rex
1621 3775 1773 3832 nominate
1785 3776 1812 3831 ia

112 3856 615 3932 fluviumeescerionemacburgum
627 3858 695 3931 (72),
709 3858 739 3915 in
751 3859 939 3931 quesanctis·
993 3860 1056 3917 leco
1072 3860 1200 3917 Marince
1216 3864 1372 3917 venaretur
1383 3863 1415 3931 ⁷³,
1430 3894 1465 3904 -
1480 3863 1614 3919 esteuim
1624 3864 1731 3922 eedem
1738 3865 1812 3920 mira

114 3946 183 4003 simi
198 3948 220 3982 ⁷¹
235 3952 265 4004 et
279 3947 409 4020 pretiosi
419 3947 556 4020 martyris
567 3947 683 4004 Domini
695 3963 801 4020 cerpus
810 3947 938 4020 pesitum
992 3949 1208 4022 magnitudinis
1222 3953 1251 4007 et
1265 3950 1440 4009 amenitatis
1455 3951 1540 4009 lucus
1554 3952 1627 4009 adeo
1654 3951 1812 4010 venationi·

112 4038 279 4106 veneratur,
295 4040 392 4093 eastra
406 4038 532 4092 metasse
553 4035 737 4093 nuntientur.
769 4034 939 4108 Ignorantes
992 4037 1048 4093 bus
1064 4042 1150 4110 aptus
1164 4037 1271 4094 -huc
1285 4037 1413 4113 illucque
1432 4040 1560 4108 cunctis,
1583 4045 1616 4096 ut
1640 4042 1737 4099 meris
1761 4043 1811 4109 cst,

114 4122 215 4197 itaquo
227 4124 299 4198 quid
314 4127 526 4197 superventura
541 4140 597 4180 nex
611 4127 735 4197 pareret,
757 4124 939 4181 temetolenti
992 4126 1236 4196 discurrentibus,
1250 4127 1305 4183 hec
1320 4144 1454 4185 cumano
1465 4127 1812 4205 scilicetllugeneipaum

112 4211 954 4287 postnennullainutiliotragedimata,idestcantienes,.'
993 4214 1177 4272 solummodo
1198 4216 1227 4271 in
1244 4233 1361 4274 nemore
1389 4219 1578 4277 remansisse.
1609 4219 1744 4294 Cumque
1767 4235 1812 4276 rex

112 4317 215 4361 somne
230 4319 295 4361 sese
308 4303 423 4372 dedere,
439 4306 560 4360 stertere
571 4320 578 4370 ;
591 4319 731 4359 nauseam
742 4301 791 4358 alli
802 4293 939 4375 sumptus
993 4320 1097 4377 aprum
1109 4304 1139 4359 in
1153 4305 1278 4362 transitu
1298 4306 1525 4378 prestolaretur,
1548 4308 1662 4380 diuque
1691 4307 1811 4365 multum

110 4388 338 4467 intemperantia
351 4391 455 4450 facere.
474 4389 535 4448 Rex
550 4391 650 4465 igitur,
668 4407 735 4448 eum
751 4391 843 4447 animi
859 4377 977 4449 fereall
992 4398 1157 4450 remorante
1169 4392 1257 4467 longa
1269 4395 1646 4467 expectationelnssaretur‚
1663 4396 1812 4471 paululum

786 4488 907 4546 VARIAE
927 4490 1133 4548 bubulenus.

147 4560 310 4621 “multum
333 4561 354 4618 l.
390 4560 719 4635 vspalmographumt
758 4560 856 4618 ⁷¹hl.
896 4563 1114 4620 ”sanctissimi
1143 4563 1169 4620 l.
1208 4564 1231 4598 ⁷³
1260 4565 1279 4619 i.
1310 4580 1334 4620 e.
1363 4565 1475 4623 effreni.
1513 4567 1536 4602 ⁷⁸
1560 4566 1588 4622 3.
1617 4567 1655 4625 da
1683 4568 1732 4624 3b.
1760 4568 1811 4625 ete.

112 4631 478 4706 sequentiamquecellum
500 4633 541 4689 fre
564 4632 596 4701 it,
625 4635 665 4689 ito
692 4630 827 4713 efferunt:
855 4632 963 4690 Verum
990 4635 1060 4707 quia
1091 4636 1254 4692 seeundum
1283 4635 1360 4692 beati
1388 4637 1444 4694 leb
1466 4637 1644 4695 sententiam
1673 4637 1814 4696 terminus

113 4701 178 4786 ejus
192 4704 332 4831 preteriri
348 4720 406 4787 uqa
421 4704 526 4777 potuit,
539 4649 623 4759 iilum
639 4704 826 4760 Dem1nicum
842 4720 1009 4788 sermenem
1021 4723 1092 4834 ¹(que
1120 4706 1229 4788 dicitur
1253 4714 1280 4762 ct
1307 4708 1415 4790 fruimini
1441 4710 1561 4766 beminis
1588 4709 1731 4768 deaestici
1757 4711 1813 4791 eju!

116 4777 191 4851 (flac
212 4791 283 4841 .vu‚
298 4780 325 4843 a)
339 4775 517 4849 adimplevit.
532 4775 606 4831 Nam
621 4776 693 4830 dum
708 4775 855 4848 quendam
882 4776 1027 4850 Magiml'rr
1051 4795 1113 4848 um,
1142 4777 1221 4834 illius
1251 4778 1429 4852 Maglmfrtdi
1453 4781 1652 4854 praepotentis,
1683 4786 1716 4838 at
1743 4781 1811 4836 dixu·

113 4863 193 4914 mus,
208 4845 434 4905 Mediolanensis
448 4847 531 4904 urbis
546 4845 671 4914 comitis,
688 4862 776 4919 quem
790 4846 877 4919 paule
892 4849 1028 4922 superius
1043 4848 1123 4923 regia
1132 4849 1267 4922 jussione
1278 4866 1329 4923 pre
1345 4851 1503 4909 rebellione
1531 4851 1685 4909 bominem
1708 4851 1813 4909 eadm

116 4917 330 4988 assueruimus,
340 4918 445 4986 fllium,
461 4917 591 4993 paternis
602 4917 752 4975 beneficiis
768 4918 918 4988 donatum,
934 4919 1028 4977 nimia
1042 4919 1249 4991 familiaritate,
1265 4937 1400 4994 cumpro
1429 4923 1578 4981 fidelitatis
1598 4924 1741 4985 llrmitate
1754 4928 1812 4980 bum

116 4997 242 5067 paterna
258 4990 338 5047 neeis
353 4990 506 5058 oblivione,
524 5006 574 5046 rex
588 4988 644 5045 sibi
657 5005 674 5044 a
688 4988 808 5045 secretis
824 4986 872 5062 [ad
887 4996 1032 5048 secretum
1047 4990 1075 5065 3]
1091 4991 1216 5060 fecisset,
1242 5009 1369 5064 eumque
1399 4995 1560 5051 venationis
1585 5012 1688 5061 eausa,
1719 4993 1745 5052 si
1768 5008 1811 5050 ve·

113 5064 193 5122 natio
209 5061 267 5117 dici
282 5064 380 5134 petest
394 5078 454 5143 qua
467 5078 527 5128 rex,
544 5077 602 5117 nen
619 5076 697 5132 aper,
712 5059 836 5132 capitur,
852 5063 998 5121 secumad
1009 5064 1162 5135 praesatum
1174 5062 1272 5120 lecum
1283 5063 1480 5134 irejussisset,
1490 5067 1605 5135 accidit,
1616 5066 1812 5124 utceterisve

113 5133 267 5194 ueteribus
282 5149 387 5206 aprum
403 5150 433 5213 ¹9
450 5131 545 5188 medie
557 5147 675 5214 nemore
687 5131 942 5214 persequentibus,
957 5132 1065 5207 indago
1080 5135 1208 5217 [undage
1222 5135 1250 5205 3]
1266 5135 1527 5217 feri-nitaniraetus,
1539 5155 1570 5194 re
1591 5138 1812 5211 iseJuadenqae

112 5204 291 5281 Magimlridi
308 5203 443 5260 custodua
456 5219 508 5285 per
522 5202 646 5259 divortia
656 5205 745 5259 tutan
758 5201 917 5259 debuisset.
927 5206 1062 5272 Quavere
1071 5207 1204 5263 custodia
1215 5207 1285 5262 dum
1294 5223 1386 5263 namra
1397 5224 1446 5264 rex
1456 5154 1657 5283 expectaiieae
1668 5210 1811 5284 fatigatus,

113 5278 274 5338 commissa
289 5273 466 5347 Magimfridr
480 5273 749 5347 obtutibusvigilia,
761 5289 824 5330 sese
832 5275 1068 5403 quietidedisset,
1079 5277 1283 5350 Magimfridus
1292 5294 1349 5333 non
1358 5283 1484 5351 paterna
1493 5281 1573 5337 necis
1584 5281 1636 5338 sad
1647 5287 1812 5338 ceterarum

113 5367 179 5425 qua
194 5344 832 5415 rexeiintulcratiumemerbonitatam,aee
856 5346 958 5405 asiene
965 5348 1119 5430 sauguinis
1126 5353 1334 5422 agnosceretur
1341 5351 1448 5407 eccisie
1464 5351 1746 5429 regis,lignequam
1753 5363 1814 5410 mox

113 5438 172 5483 nen
188 5416 302 5499 medico
317 5419 447 5490 accepte,
461 5415 634 5477 dermleads
647 5415 729 5476 heret
744 5416 885 5477 cervieem
898 5418 1009 5478 celano
1022 5424 1083 5478 retu
1097 5419 1254 5498 confregit.
1289 5421 1311 5458 ⁷⁸
1327 5426 1501 5483 censeretur
1516 5425 1530 5485 t

951 5516 1067 5580 ΝΟΜ.

57 5582 60 5589 “
148 5585 534 5668 <luteorum-Demitur
548 5586 885 5652 flauusbediesttrooe.
