3876 6084
106 367 164 438 su
567 365 756 431 aaraaan
776 363 901 430 naiso.
922 358 1069 428 vasen.
1092 360 1179 426 err.
1201 358 1302 424 rans
1323 354 1348 423 1.
1752 300 1818 415 ari

142 507 169 562 5.
186 503 280 578 Major
294 506 430 560 caeterum
446 503 519 577 (470)
535 503 630 559 suerat
646 502 732 559 istius
747 502 821 557 torte
835 497 929 573 quali·
944 497 972 566 Α
986 515 1060 554 ceco
1071 493 1421 572 prohibetollendioulum
1432 487 1592 565 quemlibet
1602 485 1814 563 ponentem.

106 600 152 652 tas
166 593 267 661 libelli,
281 593 501 666 precisusjam
515 597 631 664 peraeta
645 591 687 646 uti
700 589 861 647 succiditur
871 588 931 657 (lob
985 586 1264 658 xix,14).0btutibus
1274 599 1401 656 namquo
1411 581 1554 654 quidlibet
1565 580 1731 652 subjectum
1743 575 1817 634 inel-

104 703 153 752 vn,
165 686 193 754 6)
208 683 275 750 tela,
289 683 318 737 ni
335 683 518 753 t'uisset,jam
534 682 585 738 sati
608 681 708 736 statim
724 685 756 735 ut
771 677 933 750 comperuit
987 679 1061 734 ficas
1081 693 1207 742 cernere,
1224 673 1320 730 nescio
1349 690 1385 728 an
1414 670 1510 744 putari
1526 685 1635 725 cacum
1663 681 1815 723 nonesse.

106 772 220 830 obitum
237 771 384 837 liodberti,
402 787 489 841 quom
512 775 610 825 tamen
624 768 716 824 falsus
743 785 843 823 rumor
865 769 933 822 ante
987 767 1068 832 Quod
1076 764 1247 838 Apostolum
1258 779 1327 818 cunr
1343 765 1457 817 constet
1471 758 1572 816 sedulo
1588 756 1708 825 cavisse,
1720 754 1818 828 (dum)

107 860 283 934 protulerat.
296 859 376 924 Quod
396 864 424 914 ct
438 859 493 914 iste
508 858 591 914 initio
607 857 739 930 prooemii
762 857 833 913 satis
856 872 933 911 mor·
989 856 1137 912 neminem
1152 854 1188 909 de
1211 869 1241 908 se
1263 852 1329 924 plus
1345 848 1457 923 aliquid
1479 848 1626 905 desiderat
1640 846 1817 911 aestimasse,

109 949 218 1005 decitur
232 948 335 1019 tangit,
352 951 381 1001 ct
399 947 429 1001 in
449 948 506 1002 line
522 946 651 1019 apertius
674 946 780 1018 prodit.
797 943 935 1016 Exempla
990 961 1078 1016 quam
1094 944 1171 1015 quud
1187 941 1217 997 in
1233 958 1266 997 co
1281 940 1438 1006 videret,et
1453 938 1488 994 ab
1505 936 1568 1009 ipso
1583 935 1698 992 audiret
1708 934 1747 1003 (ll
1754 931 1817 988 Cor.

109 1053 176 1094 vcro
189 1038 224 1093 de
233 1035 338 1103 Tullio,
348 1037 476 1104 Marone,
489 1035 616 1102 Horatio,
626 1035 748 1089 diversis
764 1038 852 1105 atque
867 1049 935 1105 poe·
990 1050 1041 1100 xn,
1051 1034 1091 1105 6),
1103 1032 1211 1099 horret,
1224 1027 1449 1102 deceptissimus
1460 1027 1484 1084 si
1496 1025 1590 1101 quivis
1602 1023 1731 1097 peritum
1741 1037 1817 1090 sese,

109 1126 149 1182 tis
164 1142 197 1182 ea
212 1125 306 1197 magis
321 1141 374 1179 suo
390 1123 469 1195 operi
484 1123 645 1179 necessitas
661 1138 728 1178 eum
739 1121 880 1193 compulit
893 1120 937 1174 in·
991 1126 1042 1178 aut
1055 1119 1193 1189 nobilem,
1205 1123 1255 1175 aut
1267 1118 1356 1190 (quod
1374 1115 1465 1173 mullo
1480 1114 1612 1187 iniquius
1626 1112 1818 1184 estljustum,

111 1214 274 1286 dere,quod
290 1212 424 1267 hodierni
440 1211 523 1283 (prob
546 1211 936 1283 uoluentemporisomnes,
991 1227 1048 1267 uon
1068 1210 1206 1276 existens,
1232 1205 1591 1280 scriptispraeeipue,qute
1620 1201 1723 1273 utique
1751 1202 1822 1271 post

112 1306 146 1357 ut
161 1306 189 1357 et
204 1302 276 1372 ipse,
289 1302 376 1371 inopis
392 1299 517 1372 siliquis,
530 1298 691 1355 lutosarum
708 1303 778 1354 sunt
791 1315 854 1371 qua
870 1314 937 1370 pas·
992 1303 1117 1356 mortem
1132 1315 1165 1354 eo
1190 1297 1293 1354 silente
1315 1296 1484 1368 loquantur,
1498 1291 1616 1350 mentiri
1631 1294 1661 1346 et
1683 1288 1759 1346 alios
1775 1288 1820 1345 la-

113 1406 168 1446 eua
196 1406 294 1456 suum,
320 1405 408 1461 quam
437 1387 547 1444 conviis
576 1388 766 1456 delectantur,
789 1389 849 1444 vita
874 1403 937 1460 qua
992 1388 1083 1456 ciens,
1095 1390 1216 1456 astruat,
1230 1401 1319 1457 seque
1332 1380 1539 1440 offendiculum
1554 1377 1721 1455 ignorantia
1733 1376 1820 1435 cacis

113 1484 183 1537 sunt
197 1479 326 1536 felicium
341 1479 518 1534 animarum.
534 1476 569 1533 Ut
585 1477 777 1550 frequentiam
792 1477 882 1550 igilur
896 1475 937 1534 eis
992 1477 1079 1534 faciat
1091 1476 1188 1550 ipsum
1205 1475 1448 1542 obscurum‚cum
1462 1469 1555 1527 multo
1566 1467 1678 1526 felicius
1688 1466 1775 1536 toret,
1788 1470 1823 1523 ut

112 1568 242 1642 [subaudi
263 1565 381 1640 libellis]
405 1566 568 1639 acquireret
582 1568 666 1638 (471).
683 1567 754 1623 talia
779 1566 939 1623 inseruisse
993 1571 1106 1636 natum,
1119 1565 1160 1622 ita
1174 1564 1296 1622 latuisse
1310 1563 1491 1629 defunctum,
1503 1575 1592 1633 quam
1608 1556 1673 1615 salsi
1689 1554 1821 1613 rumoris

112 1657 262 1732 probatur,
280 1657 434 1722 lectorum,
446 1655 515 1728 quia
530 1671 581 1711 neo
597 1655 723 1712 summis
739 1660 856 1712 noverat
871 1656 937 1712 atti·
992 1656 1079 1711 laude
1103 1654 1297 1727 perfunctum.
1310 1653 1371 1718 Ouo
1386 1649 1429 1717 lit,
1440 1652 1473 1704 ut
1490 1646 1677 1704 simulatores
1699 1659 1822 1718 peceare

111 1746 191 1819 gisae
216 1745 308 1802 labris
338 1762 517 1817 quemquam
533 1744 578 1800 sui
595 1743 738 1800 similium
768 1745 938 1818 hujusmodi
994 1762 1051 1801 non
1067 1743 1203 1800 desinant
1217 1742 1304 1797 etiam
1321 1737 1519 1807 mortni,dum
1534 1752 1598 1792 sese
1613 1736 1822 1808 postmortem

113 1835 265 1908 poculum;
284 1833 367 1889 laoile
382 1832 555 1903 investigata
570 1832 630 1888 sive
640 1831 710 1904 quia
725 1833 781 1889 cito
796 1833 978 1928 vilescuntB
994 1849 1110 1906 quoque
1126 1830 1236 1887 iaciunt
1251 1829 1324 1886 lalso
1345 1826 1469 1885 laudari.
1481 1824 1614 1882 Sufficiat
1634 1822 1724 1898 igitur
1739 1818 1822 1879 istud

114 1922 239 1979 coelestis
254 1922 322 1977 doni
338 1925 505 1977 nectareum
521 1937 823 1993 saporem,venenum
838 1923 893 1978 heo
910 1922 940 1979 ni
988 1923 1030 1985 ,do
1045 1921 1132 1977 istius
1153 1917 1304 1992 scriptoris
1334 1914 1457 1974 scicntia
1484 1930 1538 1971 neo
1566 1912 1708 1969 invidiose
1723 1911 1823 1968 detra·

114 2013 286 2067 venenasset
299 2007 554 2081 liquorem.0uam
574 2008 662 2081 igitur
677 2010 850 2083 simplicitas
862 2028 939 2082 vera,
994 2014 1085 2076 otum,
1100 2025 1152 2064 neo
1178 2007 1316 2064 mendose
1331 2004 1579 2078 superadjectum,
1590 2003 1654 2074 ejus
1678 2000 1759 2074 quod
1783 1999 1825 2056 sit

114 2099 329 2173 prudentiaque
348 2097 501 2170 displiceat
523 2113 613 2164 mera,
629 2098 754 2170 probant
769 2099 941 2172 hujusmodi
994 2098 1087 2155 totius
1102 2096 1252 2170 qualitatis
1266 2100 1354 2167 atque
1368 2092 1532 2150 conanimis
1546 2092 1768 2165 argumentum.

116 2189 263 2256 affectata3
281 2187 351 2243 dum
367 2187 434 2258 quis
448 2187 607 2259 sapientior
623 2191 656 2243 ut
670 2194 819 2260 appareat,
835 2206 892 2245 non
909 2194 942 2245 ut
1183 2187 1357 2242 Breviorium
1372 2184 1504 2241 librorum
1520 2196 1641 2237 suorum.

116 2277 165 2347 sit,
176 2274 623 2344 cateriseleborat,interserens
634 2276 706 2345 suis,
716 2281 748 2332 ut
759 2277 823 2346 isle,
835 2277 940 2348 aliena,
1030 2278 1057 2333 (i.
1075 2276 1119 2332 Sit
1141 2274 1231 2348 igitur
1245 2273 1330 2347 (473),
1347 2276 1379 2330 ut
1402 2269 1587 2344 capitulatim
1610 2265 1829 2342 opusculorum.

116 2364 221 2438 legisse
238 2367 351 2421 tantum
364 2379 428 2419 sese
452 2362 660 2436 pluribusque
676 2367 850 2436 persuadeat
865 2366 941 2422 mul·
997 2366 1156 2422 retinemus
1172 2362 1314 2429 ordinem,
1331 2360 1386 2418 iste
1404 2359 1519 2432 primus
1534 2357 1602 2414 licet
1622 2355 1755 2430 prelatio
1769 2371 1824 2411 ea·

117 2458 161 2523 ta;
177 2452 322 2527 pannulos
338 2468 405 2508 oum
420 2452 519 2524 potius
530 2451 585 2508 boc
599 2453 638 2509 sit
648 2453 760 2510 artibus
771 2455 941 2526 detraxisse,
997 2459 1135 2521 terarum,
1149 2451 1298 2523 quantitas
1311 2448 1458 2522 compellit
1471 2452 1649 2504 tamencum
1660 2460 1728 2502 cese
1738 2442 1824 2501 libel·

116 2559 174 2599 non
189 2542 269 2616 ipsas
292 2545 369 2597 artes
389 2540 508 2609 habere,
519 2546 655 2614 appetere
672 2542 805 2614 gloriam,
823 2561 881 2600 non
897 2562 941 2601 se·
996 2541 1069 2598 lum.
1085 2540 1229 2597 Volumen
1245 2556 1347 2595 anum.

116 2631 166 2704 qui
182 2633 338 2702 majorum.
352 2630 372 2685 0
386 2631 538 2686 imitatores
561 2646 681 2698 serrium,
693 2632 733 2686 ait
754 2632 873 2703 quidem
890 2650 943 2690 uec
1032 2630 1172 2703 Sequitur
1187 2628 1238 2702 qui
1253 2626 1392 2684 dictantis
1406 2626 1537 2683 continet
1551 2625 1667 2682 duabus
1682 2640 1752 2681 cum
1766 2622 1828 2696 epi·

114 2719 271 2783 mentiens,
291 2734 374 2790 pecus
396 2717 515 2789 (Honor.
532 2716 549 2774 l.
569 2734 588 2784 1,
605 2735 650 2789 ep.
668 2718 711 2786 19,
722 2736 796 2776 vers.
815 2721 868 2789 49),
880 2738 942 2777 car·
998 2719 1081 2777 stolis
1096 2720 1173 2776 224
1188 2719 1287 2785 sidem,
1298 2733 1424 2791 quarum
1444 2732 1503 2772 uua
1523 2715 1685 2772 Romanam
1700 2711 1827 2787 fatigem

116 2807 213 2882 puisse
226 2823 301 2879 quos
329 2809 429 2860 nostor
456 2821 509 2860 nec
524 2806 625 2861 omisit
647 2807 773 2864 Beotius.
790 2810 867 2866 228
882 2811 944 2866 Sibi
998 2807 1124 2882 querelis
1140 2824 1197 2864 non
1218 2805 1326 2863 desinit
1348 2805 1458 2874 sedem,
1470 2803 1711 2878 coepiscoporum
1735 2799 1828 2859 alters

115 2895 206 2971 igitur
221 2894 295 2968 (472)
311 2892 444 2960 inutiles,
458 2894 590 2966 pernoxii
606 2910 671 2951 mea
685 2895 714 2950 in
730 2895 784 2953 boc
800 2900 945 2956 sententia
998 2912 1126 2971 gregem.
1142 2896 1286 2952 Velamen
1303 2912 1405 2951 unum.

117 2983 326 3056 omnibus,qui
338 2982 473 3056 deceptos
489 2981 514 3038 si
529 2999 603 3054 quos
618 2985 808 3053 reddiderint,
820 2987 944 3045 aliorum
1034 2986 1149 3042 Tertius
1166 2984 1381 3058 querimoniam
1404 2983 1583 3057 quibusdam
1598 2997 1666 3038 cum
1689 2977 1828 3054 epistulis

119 3072 252 3129 efficiunt
264 3073 447 3144 deceptores;
459 3069 508 3142 qui
522 3070 632 3128 scilicet
647 3073 805 3145 particulas
818 3077 944 3133 scientia
999 3073 1087 3129 habet
1103 3073 1161 3146 regi
1177 3072 1314 3128 delatam.
1327 3071 1472 3130 Velamen
1487 3087 1592 3127 unum.

120 3161 235 3235 aliquas
250 3177 354 3217 mere...
367 3159 466 3215 minus
482 3158 602 3232 proinde
612 3163 841 3232 considerantes,
852 3170 944 3223 totam
1035 3162 1161 3226 Quartus
1176 3161 1250 3216 duas
1264 3160 1393 3216 eontinet
1406 3163 1532 3230 tautum,
1546 3156 1675 3215 Brunoni
1690 3155 1829 3214 brevissi·

122 3254 174 3306 aut
189 3248 348 3305 maximam
361 3247 441 3304 illius
450 3264 598 3304 summam
612 3250 684 3322 ipsis
694 3256 800 3323 putant
810 3255 943 3325 cessisse,
959 3223 982 3293 G
1001 3266 1091 3319 mam,
1108 3249 1253 3305 liudberto
1268 3249 1341 3305 satis
1363 3247 1515 3322 pmlixam‚
1528 3246 1668 3322 epistolas
1688 3245 1827 3320 presuli·

123 3337 232 3395 etalios
242 3336 426 3410 praedicando
436 3336 547 3392 iaciunt
557 3343 658 3410 putare
671 3357 677 3395 :
690 3341 767 3412 quod
779 3341 949 3403 interdictor
1002 3341 1068 3395 bus·
1083 3338 1226 3394 volumen
1241 3354 1345 3393 unum·

124 3425 265 3482 nimirum
280 3425 353 3481 mibi
368 3424 484 3481 videtur
494 3441 610 3497 quoquo
627 3425 837 3497 innuere,dum
850 3446 949 3491 coram
1037 3427 1164 3494 Quintus
1178 3425 1393 3497 querimoniam
1408 3426 1538 3483 Brunoui
1558 3424 1726 3500 specialius,
1738 3439 1828 3498 gene·

122 3552 240 3618 imitari,
256 3568 291 3606 ue
305 3567 360 3606 uon
375 3550 530 3605 immeritus
543 3551 639 3607 ouiiiut
659 3553 776 3609 clemeri
790 3555 844 3610 siti
857 3573 950 3629 apro·
1005 3558 1077 3627 ipsus
1092 3558 1174 3622 erus,
1189 3554 1313 3623 oppetere
1339 3552 1458 3621 plurium
1479 3552 1626 3625 majorum,
1655 3564 1712 3606 nou
1739 3550 1829 3633 ecqui.

140 3623 203 3678 teto
216 3641 227 3676 .·
238 3644 252 3672 «
267 3627 315 3679 Vec
328 3623 375 3694 qui
387 3622 479 3676 dicitis
491 3622 596 3677 emtum
612 3625 721 3690 tonum,
734 3629 760 3680 et
775 3626 874 3681 bouum
889 3645 949 3684 ino·
1040 3622 1113 3697 (472)
1128 3625 1270 3678 construe
1286 3639 1293 3678 ι
1308 3622 1396 3694 luitur
1410 3623 1522 3679 inutiles
1533 3623 1598 3689 Sibi,
1611 3625 1638 3677 0²
1654 3622 1788 3692 immi
1799 3621 1829 3676 ¹⁸¹¹

118 3639 190 3747 ium.
203 3715 217 3742 u
230 3694 332 3747 ltursm
347 3691 428 3747 laudo
443 3692 514 3763 quod
547 3694 610 3749 robe
624 3698 689 3764 coit,
705 3712 740 3750 uc
753 3699 816 3769 quis
830 3714 949 3755 immm-
1003 3696 1052 3751 tec
1066 3697 1138 3768 (meu
1159 3696 1293 3749 scatentia
1319 3693 1455 3762 omuibus,
1486 3695 1517 3749 ui
1535 3695 1561 3750 si
1579 3708 1645 3764 quos
1660 3691 1831 3748 reddiderint

120 3763 192 3818 derit
209 3763 296 3828 dente,
313 3779 348 3818 ec
371 3763 465 3846 beetur
485 3709 546 3845 'toi'
566 3765 691 3821 uidentur
717 3783 851 3838 opponere
879 3771 947 3826 illi:
1003 3765 1132 3846 deceptos,
1144 3765 1271 3890 opimant
1299 3768 1433 3836 coepturos
1446 3711 1575 3831 afiorum,
1589 3765 1637 3847 qui
1653 3763 1758 3819 scilicet
1775 3766 1831 3847 mi·

120 3855 135 3883 a
152 3833 305 3887 Parentum
319 3833 416 3888 ocmdzt
430 3833 546 3887 inuidia.
563 3856 577 3882 »
1003 3853 1054 3891 uus
1066 3851 1148 3907 prom
1164 3851 1183 3890 c
1196 3835 1397 3892 considerantes
1417 3836 1527 3909 aliquus
1538 3834 1691 3908 porticulus
1705 3837 1832 3893 scendi&

157 3903 231 3974 (470)
246 3903 388 3959 Construe
410 3921 416 3959 :
443 3904 582 3959 Ceterum
608 3905 728 3975 qualitas
755 3907 844 3963 titetti
868 3910 949 3966 istius
1002 3909 1119 3973 memet
1131 3909 1230 3978 putarit
1254 3909 1349 3974 mium,
1366 3916 1415 3963 out
1436 3909 1590 3964 maximnm
1603 3920 1740 3961 summam
1753 3906 1832 3963 iltius

120 3976 192 4045 forte
204 3976 295 4045 suerat
308 3975 407 4045 major,
422 3974 479 4027 uisi
497 3977 628 4044 praecisus
647 3977 755 4056 suisset,
770 3980 812 4032 uti
826 3980 948 4052 telujom
1003 3977 1130 4032 scientiae
1155 3979 1265 4033 cessisse
1287 3977 1344 4034 sibi
1368 3979 1447 4061 ipsis,
1471 3982 1498 4034 ct
1519 3975 1693 4050 praedicendo
1721 3976 1833 4046 fuciunt

118 4047 229 4117 peracto
243 4043 410 4106 succiduum·
426 4046 556 4115 praecisus
579 4046 688 4116 ficisset,
707 4063 839 4120 inquam,
853 4053 947 4106 stetim
1000 4048 1072 4103 elios
1084 4052 1184 4119 pictore
1198 4065 1207 4102 :
1223 4048 1294 4118 quod
1307 4051 1443 4105 nimirum
1462 4047 1622 4105 interdictor
1638 4046 1710 4103 milii
1723 4047 1833 4106 efflatur

120 4122 152 4170 ut
165 4117 314 4198 comperuit
328 4116 432 4171 obitum
453 4115 649 4186 Reddertijom
663 4118 870 4190 tetimonium
886 4137 946 4176 me-
1002 4134 1053 4188 quo
1073 4134 1107 4173 ue
1125 4120 1250 4186 innume,
1275 4119 1340 4175 dum
1352 4120 1477 4192 probibet
1495 4120 1642 4191 quemlibet
1660 4134 1766 4190 pouces
1789 4121 1831 4192 os·

121 4189 238 4253 morati)
268 4202 329 4242 uem
344 4189 436 4241 tumen
451 4185 564 4241 obitum
584 4202 680 4241 ruiuor
706 4188 779 4244 atius
795 4194 859 4246 autc
870 4206 945 4263 pra’-
1000 4192 1028 4260 (ε
1067 4188 1169 4244 iculum
1198 4205 1290 4246 corum
1313 4207 1390 4247 caco.
1407 4190 1531 4262 Nouoque
1557 4204 1669 4246 cuum
1696 4188 1832 4260 quidlibet

121 4257 231 4341 tuterut.
246 4203 319 4312 gum
333 4257 449 4329 quidem
467 4261 615 4313 mortuum
630 4274 688 4330 prm
702 4262 746 4316 ert
768 4261 855 4334 paulo
879 4267 946 4319 ante
1001 4261 1131 4332 inefficax
1145 4260 1295 4332 subjectum
1309 4260 1558 4329 iciodorensem
1576 4277 1614 4316 ou
1635 4262 1733 4332 putori
1745 4263 1834 4333 possit

120 4326 210 4384 libelli
226 4328 314 4384 tinem
332 4344 414 4384 num.
431 4328 465 4383 19
479 4332 508 4383 et
520 4329 564 4384 21.
999 4347 1055 4385 ueri
1067 4346 1125 4387 esse
1138 4346 1249 4388 caccum.
1267 4333 1343 4401 Quod
1360 4349 1422 4390 cum
1442 4336 1545 4390 constet
1565 4330 1724 4404 Apostolum
1735 4331 1832 4389 sedulo

156 4398 228 4471 (474)
244 4398 361 4471 Explica
386 4416 392 4454 ε
419 4400 507 4467 igitur
532 4399 663 4471 motatur
691 4402 838 4458 inseruisse
865 4403 945 4471 tutia,
999 4403 1111 4468 cauisse,
1126 4401 1191 4457 ilum
1211 4403 1347 4459 derideret
1367 4405 1507 4461 ucmiucm
1522 4403 1673 4461 aestimasse
1686 4401 1722 4459 dc
1733 4418 1764 4460 sc
1777 4402 1830 4459 cli·

120 4473 150 4524 ut
164 4472 316 4542 acquireret
330 4473 368 4526 eis
390 4467 497 4525 libellis
516 4472 699 4552 (requcutiem
720 4471 865 4540 teotonem·
880 4476 944 4545 qiriu
999 4472 1065 4555 quid
1084 4473 1158 4545 plus,
1175 4489 1257 4544 quom
1283 4475 1353 4545 quod
1383 4474 1484 4531 uideret
1498 4475 1529 4530 iu
1543 4488 1584 4539 co,
1603 4477 1630 4530 ct
1657 4472 1770 4530 audiret
1796 4472 1831 4530 ct

118 4544 231 4597 rioucrct
249 4557 410 4613 quemquam
432 4541 568 4596 similium
588 4544 634 4597 sui
656 4557 707 4598 uec
729 4544 853 4615 ettipissc
866 4561 945 4601 sum·
999 4557 1075 4616 epum·
1091 4542 1183 4600 torret
1196 4543 1334 4616 (scriptor
1355 4547 1500 4614 abstemii
1513 4544 1603 4616 quiuis
1626 4543 1831 4616 macedodonas

118 4613 171 4665 mis
194 4612 280 4667 tetris
301 4612 429 4683 poculum
444 4611 610 4684 hujusmodi,
624 4614 682 4668 siue
705 4614 771 4684 quio
792 4616 875 4688 facilc
900 4618 943 4671 iu·
960 4618 1105 4689 Destruet
1125 4630 1182 4671 scre
1193 4616 1324 4686 peritum,
1351 4625 1400 4673 out
1418 4616 1548 4682 nobilem,
1564 4617 1612 4671 cut
1636 4612 1721 4687 (quod
1741 4615 1830 4672 multo

116 4683 250 4750 vestigate
264 4683 317 4760 cito
338 4683 473 4737 vilescunt
488 4683 528 4753 (id
544 4687 588 4739 cst
602 4683 689 4739 vilem
714 4685 840 4742 reddunt
866 4703 944 4759 sepo·
1000 4689 1039 4742 cst
1054 4687 1189 4757 iniquius)
1196 4686 1318 4768 justuiu,
1334 4703 1389 4742 uou
1410 4689 1529 4744 existens
1554 4684 1633 4755 talis,
1649 4692 1770 4756 curum,
1785 4685 1829 4743 in-

116 4766 175 4806 rem
188 4752 425 4807 ucctureumdoui
438 4753 563 4821 coelestis,
579 4755 611 4808 ui
626 4770 758 4810 aerenum
773 4755 822 4813 lior
845 4774 945 4815 exem·
1000 4771 1101 4828 quam,
1115 4772 1253 4828 praempue
1266 4759 1389 4829 scriptis,
1404 4773 1467 4830 quoe
1490 4759 1584 4829 utque
1603 4771 1634 4815 ⁶0
1656 4756 1830 4840 St'lffliaptti

117 4820 234 4893 plorum
249 4821 844 4899 secularium)ueucuussetliquorcm;quia
859 4828 945 4884 nimi·
998 4829 1115 4882 uiortcm
1130 4824 1287 4898 toquentur,
1303 4830 1408 4900 [ocimu
1428 4833 1455 4885 et
1475 4829 1546 4886 otios
1559 4827 1692 4893 mentiri·
1706 4829 1735 4884 et
1747 4843 1774 4885 su
1785 4828 1828 4901 [u-

116 4908 182 4947 rum
199 4891 308 4964 scripta
323 4894 510 4966 quantumvis
526 4893 655 4951 coelestia
669 4912 727 4952 nou
744 4898 872 4970 sepiunt,
886 4899 942 4955 nisi
996 4898 1051 4953 ciat
1062 4898 1183 4968 scipsum
1197 4898 1342 4954 obscurum
1357 4898 1551 4971 offeridiculum
1564 4900 1642 4957 ατοῦ
1656 4898 1828 4970 inmutatio,

116 4962 324 5037 insperguntur
338 4964 467 5036 prolenis
483 4965 633 5037 exemplis.
650 4968 718 5022 Erat
731 4967 761 5023 in
778 4986 845 5037 ms,
856 4973 941 5026 terre·
995 4984 1057 5023 cum
1071 4970 1142 5040 soret
1158 4970 1244 5025 mutto
1262 4970 1371 5041 felicius
1383 4971 1495 5027 latuisse
1508 4977 1539 5026 ut
1550 4972 1657 5038 mlum,
1672 4971 1714 5043 iu
1726 4968 1828 5042 dum

115 5051 182 5090 uum
195 5034 245 5090 tec
259 5036 447 5092 iuuenenesset
462 5037 605 5107 liquorem,
620 5038 720 5109 procul
745 5039 834 5095 dubio
859 5056 942 5096 men·
995 5042 1171 5110 ctum,quom
1182 5042 1358 5111 perfunctum
1371 5041 1454 5098 terme
1475 5041 1543 5112 subi
1565 5041 1697 5113 rumoru.
1713 5039 1772 5110 Quo
1785 5040 1827 5113 fit,

115 5105 195 5173 dese,
213 5105 263 5161 ubi
278 5107 499 5163 emendavimus
520 5109 760 5165 uenenumtocui
784 5116 943 5167 irancuum
995 5113 1025 5164 ut
1039 5110 1215 5166 simulatores
1228 5113 1314 5168 ctiam
1340 5113 1444 5169 mortui
1462 5127 1520 5169 nou
1547 5111 1678 5169 decumm

115 5177 259 5247 liquorem.
275 5178 433 5250 Sequentia
448 5195 544 5250 porro,
561 5179 603 5234 sic
618 5183 878 5252 construe:lqitur
893 5184 941 5237 lm-
995 5181 1133 5251 dumpost
1147 5184 1500 5267 mortemquequesociuut
1524 5198 1581 5239 sese
1607 5182 1679 5255 [uiso
1810 5184 1825 5241 '.

110 5248 233 5318 jusmodi
248 5251 372 5322 affectate
384 5252 447 5322 (seu
461 5249 551 5304 nimio
567 5249 664 5306 studio
675 5250 798 5322 quesita
809 5253 941 5325 exempla
995 5251 1121 5322 Sufficiat
1136 5253 1224 5321 icitur
1237 5253 1310 5310 istud
1322 5270 1371 5310 uec
1384 5255 1517 5311 iuuidmsc
1530 5252 1827 5319 mecumtecum

114 5319 304 5389 profanorum
331 5321 518 5392 scriptorum)
536 5322 662 5391 produnt,
707 5339 772 5377 uum
800 5323 941 5395 displiceat
994 5325 1033 5377 tie
1046 5323 1189 5393 scriptoris
1205 5326 1292 5392 istim,
1312 5342 1362 5381 uec
1375 5325 1501 5382 inermum
1513 5323 1827 5399 superadjectnm,ouod

114 5390 365 5518 pgpopppptppptecisl,
379 5396 503 5518 domist
515 5393 671 5519 prudeplip,
685 5339 826 5521 iqecuptquis
848 5396 939 5520 stratbu-
992 5396 1027 5519 {u
1042 5398 1251 5515 5(tegumentum
1279 5398 1362 5452 totius
1390 5397 1641 5469 qualitatemque
1667 5396 1827 5457 mummii

161 5501 168 5523 ,
330 5480 403 5527 a,u
422 5480 473 5517 uu
500 5480 523 5518 si
549 5480 578 5518 so
611 5481 700 5520 curor
720 5480 835 5532 rueris,
853 5482 938 5521 zuer-
1022 5481 1061 5518 u¹¹

112 5545 203 5584 serem
217 5478 310 5587 urfica
323 5536 390 5599 suis,
405 5537 436 5588 ut
451 5536 501 5589 istc
513 5482 670 5597 integere.
687 5551 739 5606 quo
754 5540 862 5592 tontum
874 5554 937 5609 pcr-
1004 5482 1101 5604 ](473)
1117 5536 1212 5606 luitur,
1228 5540 1258 5591 ut
1269 5538 1446 5610 capitulatim
1458 5538 1606 5595 retinemus
1620 5536 1744 5595 ordinem
1761 5553 1828 5611 opu·

111 5602 228 5684 secedent
253 5601 379 5674 pluribus
407 5619 463 5659 sese
491 5604 587 5661 tciissc
609 5606 697 5662 maille
712 5624 722 5661 .·
737 5624 798 5663 cuin
826 5609 875 5663 lioc
901 5610 939 5665 sit
992 5606 1139 5673 scutorum,
1157 5607 1219 5664 ticet
1243 5610 1293 5665 e'ste
1313 5612 1421 5681 minus
1443 5611 1481 5666 sit
1500 5610 1628 5683 praetio
1651 5611 1827 5681 mmmm,

111 5670 261 5729 detinuisse
290 5677 379 5745 potius
412 5623 551 5746 prunulis
582 5677 705 5746 artibus,
744 5695 799 5736 uon
839 5678 939 5741 tabere
992 5680 1082 5735 touieu
1097 5679 1237 5750 quantitas
1252 5681 1390 5755 compellit
1404 5697 1466 5740 cum
1480 5696 1537 5740 estc
1562 5679 1687 5739 ibellum.
