3876 6084
51 232 132 298 12⁴9
741 231 1063 299 Cllhll'l'ULlllllUll.
1677 241 1756 306 1250

50 366 171 424 nimodo
185 381 243 423 non
261 364 443 422 dubitamus.
456 364 595 422 Noverint
608 365 707 438 itaque
723 381 826 423 omnes
842 367 877 422 it-
892 372 919 440 Α
934 368 1074 428 humatus
1091 371 1180 443 jacet,
1204 372 1431 429 confirmamus.
1457 369 1649 430 Decernlmus
1666 374 1755 430 etiam

51 455 246 513 delassancta
253 455 445 511 Deillcclesiae
455 459 484 512 et
497 454 603 522 nostri,
616 459 775 528 presentes
790 459 879 528 atque
934 473 1056 531 quaque
1067 476 1084 516 a
1094 465 1226 533 tempore
1232 460 1361 535 precelsi
1368 461 1508 535 genitoris
1523 461 1626 534 nostri,
1643 461 1756 520 collatis

50 545 153 612 futuri,
169 544 239 617 quia
263 544 438 601 venerabilis
460 543 505 599 vir
519 543 687 612 hilduinus,
708 544 799 601 abbas
820 562 879 600 coe·
933 547 1102 605 devotorum
1120 551 1157 606 ed
1172 567 1273 607 eorum
1288 552 1596 608 commemorationem
1610 549 1757 608 celebran-

51 634 130 692 nobii
146 633 240 690 sancti
255 633 331 690 Petri
357 634 435 706 quod
458 637 581 689 uocatur
608 633 716 701 Sithiu,
734 634 785 689 ubi
810 650 880 690 con·
933 635 1012 704 dam,
1029 637 1122 694 eidem
1137 643 1237 696 sancto
1253 639 1327 710 loco,
1350 644 1496 697 cartarum
1512 639 1755 715 delegationibus,

52 724 198 780 sessorum
214 721 320 778 Christi
335 722 493 779 Audomari
520 727 609 795 atque
634 721 743 778 Bertiui
759 738 880 796 corpora
934 741 987 797 per
999 727 1116 783 easdem
1142 729 1349 785 confirmatum
1375 734 1429 797 est,
1446 731 1608 785 secundum
1624 728 1756 802 ipserum

52 813 138 869 beata
156 810 253 883 quieto
269 811 417 878 fruuntur,
435 811 604 866 eelsitudini
622 815 727 867 nostrae
744 811 880 884 trequen-
934 811 1145 887 delegationem
1153 817 1415 875 eteoclosiasticam
1423 819 1758 887 sanctionem‚maneant

52 897 168 955 tissime
184 898 342 971 suggessit,
357 899 494 954 eumdem
512 902 646 955 sanctum
661 898 769 969 locum,
781 915 879 955 rerum
935 892 1064 959 stabilita
1087 908 1115 961 et
1138 922 1202 978 qua
1219 907 1452 979 inpostmodum
1468 908 1570 963 eodem
1585 911 1685 965 tenore
1700 907 1757 964 Do·

54 1004 176 1044 suarum
187 985 381 1043 diminutione
392 986 698 1059 nimiumperiolitari3
711 1004 880 1044 memorans
935 990 1006 1047 mini
1014 992 1326 1052 Salvatorisaddiderit
1336 995 1500 1051 clementia.
1512 995 1676 1053 Statuimus
1687 1011 1757 1068 quo-

54 1077 206 1150 llugonem
221 1075 416 1132 venerabilem
432 1074 580 1144 abbatem,
594 1076 744 1148 quondam
761 1076 880 1132 ordina·
935 1095 992 1152 que
1008 1086 1039 1135 ut
1054 1081 1083 1136 in
1098 1082 1200 1138 eodem
1216 1083 1394 1139 monasterio
1409 1100 1551 1139 numerus
1568 1083 1756 1141 nmonacha-

54 1167 165 1223 tionem
180 1163 261 1221 illius
276 1164 370 1221 saneti
386 1164 882 1237 lucicompeteutemsummadevo·
935 1185 1012 1236 rum,
1038 1171 1200 1227 secundum
1225 1171 1462 1229 constitutionem
1488 1173 1587 1228 domui
1616 1173 1758 1247 genitoris

53 1255 133 1311 tione
156 1254 313 1326 disponere
337 1253 465 1310 voluisse
488 1258 517 1310 et
540 1252 672 1325 coapisse,
702 1255 765 1324 sed,
788 1259 881 1311 morte
936 1258 1038 1326 nostri,
1063 1265 1202 1331 perpetuo
1223 1264 1323 1316 tenere
1347 1266 1503 1330 servetur;
1533 1265 1562 1318 et
1583 1261 1757 1335 prepositus

55 1347 246 1418 preventum,
271 1359 331 1398 non
358 1343 538 1416 perfecisse5
564 1359 595 1399 se
616 1360 694 1414 vero,
721 1345 882 1416 praedeces·
936 1347 1089 1420 caeterique
1103 1349 1310 1407 ministeriales
1333 1367 1520 1423 naquaquam
1545 1351 1629 1420 fiant,
1652 1349 1759 1410 nisiex

56 1434 131 1491 soris
144 1431 352 1489 benevolentiae
369 1432 525 1500 heredem,
543 1432 710 1489 humillima
730 1433 882 1509 devotione
935 1433 1008 1508 ipsis
1024 1435 1174 1504 iratribus,
1192 1453 1243 1510 par
1257 1438 1427 1494 electionem
1448 1455 1550 1495 eorum
1569 1443 1598 1498 et
1611 1456 1758 1498 consensu

56 1527 89 1578 ut
104 1522 295 1595 perficeretur
309 1538 439 1579 exorare.
456 1522 515 1578 Nus
538 1521 646 1594 itaque,
658 1523 721 1594 jam
738 1522 807 1579 dicti
822 1520 882 1577 cari
937 1524 1062 1580 abbatis.
1087 1525 1220 1582 Habeant
1241 1525 1332 1599 igitur
1354 1544 1457 1584 omncs
1481 1544 1527 1584 res
1562 1527 1758 1602 prescriptae,

57 1611 151 1667 nostri
161 1609 302 1679 llilduini,
314 1611 482 1683 nuperrime
498 1611 638 1678 defuncti,
655 1610 816 1684 supplicem
833 1612 882 1667 de·
937 1612 1080 1685 imperiali
1091 1687 1094 1691 ῃ
1105 1614 1278 1671 auctoritate
1293 1616 1454 1686 roboratas,
1480 1621 1626 1690 quatenus
1640 1618 1758 1674 eosdem

56 1700 204 1757 votionem
219 1703 248 1754 et
263 1698 407 1756 sinceram
428 1716 497 1773 erga
518 1717 572 1756 nos
588 1700 675 1756 fidem
691 1699 881 1772 obsequium·
897 1743 921 1809 B
938 1703 987 1758 Dei
1012 1702 1138 1758 famulos
1161 1720 1213 1776 pro
1235 1704 1319 1760 uobis
1341 1722 1375 1760 ao
1399 1706 1523 1778 conjuga
1544 1704 1588 1763 val
1604 1705 1684 1778 prole
1700 1710 1759 1763 sta-

58 1787 883 1861 quemultimedumrecolentes,ipsiusquesupplicationi
939 1790 1152 1864 tuqueimperii
1164 1793 1267 1862 nostri,
1279 1792 1633 1850 Dominimiseriaordiam
1640 1794 1760 1852 uberius

59 1876 449 1942 inmemoratisaanuentes,
461 1876 883 1933 decernimusauctoritateim-
939 1895 1059 1935 exorare
1074 1879 1206 1936 delectet.
1224 1879 1256 1935 Et
1273 1883 1304 1934 ut
1320 1879 1380 1936 baec
1396 1880 1584 1939 auctoritates
1598 1898 1650 1956 per
1661 1883 1761 1941 omnia

60 1964 215 2036 peratoria,
232 1966 265 2020 ut
280 1963 309 2018 in
321 1964 500 2020 monasterio
511 1963 605 2020 sancti
617 1964 703 2032 Petri,
719 1965 770 2021 ubi
780 1965 883 2022 beatus
938 1971 1073 2040 tempora
1092 1966 1300 2024 inviolabiliter
1321 1974 1517 2038 conservetur,
1538 1987 1627 2027 manu
1643 1971 1762 2045 propria

59 2051 370 2125 bertinusrequiescit,
381 2052 439 2109 Deo
450 2052 639 2123 famulantes,
656 2055 691 2109 ad
706 2058 816 2111 statum
827 2053 883 2112 loci
938 2056 1041 2113 subter
1059 2055 1254 2122 firmavimus,
1279 2062 1310 2114 et
1335 2057 1436 2112 annuli
1453 2058 1544 2115 nestri
1568 2058 1762 2132 impressione
1843 2089 1847 2096 ·

60 2141 155 2200 sancti
177 2141 275 2211 istius,
298 2140 353 2198 has
375 2158 422 2198 res
443 2141 591 2216 deinceps,
617 2143 680 2200 sine
705 2143 794 2200 ullius
821 2160 884 2200 mo·
938 2144 1075 2218 insigniri
1085 2146 1243 2216 jussimus.

61 2337 198 2378 mansum
207 2320 378 2376 monasterii
391 2319 609 2390 dominicalem,
626 2320 805 2391 vaccaritias,
818 2338 884 2378 cum
977 2344 991 2373 α
1011 2321 1169 2393 Audather,
1196 2323 1339 2390 noterius,
1364 2325 1399 2380 ad
1425 2324 1516 2380 vicem
1543 2325 1660 2397 Gosleni
1683 2341 1761 2382 reco-

61 2411 151 2484 sylvis
163 2409 378 2481 adjacentibus,
391 2410 649 2483 inWidingaham,
665 2410 883 2483 Walingaham,
940 2411 1048 2484 gnovit.

60 2498 299 2573 vumpingaham
316 2515 383 2555 cum
395 2498 557 2567 Limchold,
569 2499 712 2556 Hilsierod
725 2499 886 2555 cumbard-
977 2524 991 2551 u
1008 2501 1081 2556 Data
1095 2519 1134 2556 xri
1151 2501 1213 2570 ltal,
1230 2502 1311 2572 Julii,
1329 2519 1405 2559 anuo
1420 2520 1516 2560 xxxvrr
1539 2502 1607 2577 (99),
1623 2506 1763 2577 regnante

61 2590 154 2647 bruce
176 2593 205 2644 et
228 2588 340 2655 Gravia,
364 2588 525 2658 Hirnethol‚
553 2588 763 2658 Dahinhahem,
794 2590 887 2645 Gruo·
941 2590 1049 2646 domno
1064 2589 1175 2657 Carula,
1192 2591 1366 2664 imperiique
1381 2591 1512 2663 ejusdem
1529 2608 1559 2648 rr.

62 2679 205 2753 nonberg,
222 2693 288 2734 cum
301 2678 412 2733 caeteris
435 2678 608 2751 adjecentiis
621 2683 650 2734 et
658 2679 810 2735 territoriis
824 2696 886 2734 car·
978 2701 992 2728 «
1008 2679 1113 2735 Actum
1126 2679 1156 2734 in
1172 2679 1350 2752 compendio
1360 2679 1467 2752 palatio
1481 2679 1638 2753 imperiali,
1654 2679 1702 2737 dle
1715 2693 1765 2737 xiv

62 2767 264 2842 pentat-iorum
278 2783 297 2822 v
311 2766 383 2822 inihi
395 2767 581 2839 jacentibus;
596 2772 625 2824 et
639 2767 784 2824 villasbas
796 2768 889 2825 :Vue·
942 2772 1009 2841 post
1024 2772 1149 2823 mertem
1164 2768 1276 2840 prelati
1291 2768 1416 2824 abbatis.
1428 2789 1442 2819 a

64 2856 887 2926 sarinium‚TarnennaCoiaous,hiskininm,Aldomhem
1086 2855 1167 2912 LVll.
1185 2857 1220 2913 De
1234 2860 1320 2913 morte
1335 2857 1427 2912 Caroli
1439 2858 1622 2929 imperatoris.

64 2947 167 3014 Gisna,
183 2944 277 3012 Scala,
293 2944 545 3011 Thorbodashem,
562 2945 831 3019 Pupurningahem,
848 2950 886 3017 et,
979 2946 1065 3018 (877.)
1082 2946 1149 3002 Post
1158 2945 1230 3013 heo,
1246 2947 1347 3002 eodem
1363 2961 1451 3016 anno,
1467 2945 1587 3002 Carolus
1606 2946 1767 3020 imperator

64 3036 94 3092 in
105 3035 239 3101 Marisco,
265 3033 487 3107 buoningahem
507 3053 513 3103 ;
532 3035 634 3103 Recc-a,
651 3052 717 3091 cum
733 3035 887 3106 sedilibus,
944 3035 1067 3091 Romam
1084 3050 1239 3106 properare
1253 3033 1364 3103 volens,
1376 3037 1442 3107 post
1457 3035 1589 3090 medium
1605 3034 1715 3092 lulium
1728 3036 1764 3092 de

63 3125 96 3182 in
108 3123 211 3192 furnis,
228 3127 257 3179 et
267 3123 352 3195 juxta
368 3123 494 3179 Merkisa
508 3128 554 3192 3et
569 3125 658 3180 Loom
675 3125 711 3180 ad
728 3124 863 3182 Sentinas
877 3143 884 3196 ;
900 3109 922 3176 C
943 3122 1064 3179 Francia
1078 3121 1133 3177 iter
1148 3122 1281 3195 arripuit,
1300 3126 1328 3178 st
1342 3122 1372 3177 ia
1388 3122 1501 3178 ltaliam
1527 3123 1656 3192 veniens,
1678 3124 1767 3197 Papia

61 3213 94 3270 in
110 3212 270 3269 Calmontis
296 3228 413 3284 quoque
436 3211 515 3280 villa,
538 3213 666 3285 exceptis
688 3213 735 3268 his
756 3229 820 3286 quaa
835 3215 887 3271 be·
944 3211 1059 3268 obviam
1074 3210 1177 3265 hahuit
1190 3211 1334 3266 loannem
1350 3227 1467 3283 papam.
1491 3210 1636 3283 Vanitqua
1649 3210 1765 3268 Cerolo-

61 3301 199 3360 neliciata
214 3302 339 3367 luerent,
366 3317 536 3357 mansorum
560 3302 746 3358 medietatem
766 3307 888 3358 etmuu-
943 3297 1379 3370 mannus,neposCaroli,cam
1393 3296 1765 3355 multisnrillihusbellato·

62 3391 207 3464 cipiorum
229 3409 236 3459 ;
252 3389 403 3447 vinearum
418 3394 515 3446 autem
532 3391 595 3446 duae
611 3395 709 3463 partes
729 3408 890 3460 3mansum·
943 3404 1009 3443 rum
1025 3388 1061 3442 de
1076 3386 1209 3458 Ruj0aria
1224 3390 1252 3442 et
1267 3386 1388 3459 reliquis
1407 3387 1620 3443 Germanorum
1637 3387 1765 3442 orienta-

62 3479 308 3535 iadominicatum
335 3495 401 3534 curn
429 3478 562 3535 bunariis
577 3497 605 3534 x.
622 3480 696 3535 Sunt
711 3496 827 3553 quoque
846 3481 859 3535 s
877 3509 888 3523 ·
942 3476 1031 3544 libus,
1048 3474 1302 3532 contradicensilli
1318 3475 1408 3532 ltaliae
1424 3492 1558 3549 regnum.
1574 3476 1608 3531 tet
1619 3491 1687 3531 cum
1703 3490 1762 3532 nou

63 3569 155 3625 mulis
178 3567 348 3624 monasterii
363 3585 420 3623 exn
445 3567 489 3623 ha
510 3567 584 3623 villa
602 3569 745 3642 deputatae
766 3568 887 3638 Kelmis,
943 3565 1063 3622 haberet
1073 3564 1315 3636 copiamCarolus
1331 3581 1380 3620 rex
1391 3564 1545 3621 resistendi
1565 3580 1657 3637 papa,
1675 3565 1765 3620 dona·

63 3655 249 3729 Atquinium,
274 3655 464 3727 beingahem,
489 3671 556 3711 cum
573 3655 729 3721 territorio,
754 3655 784 3711 ia
799 3657 888 3711 llum·
943 3653 995 3710 riis
1010 3654 1103 3710 sancti
1129 3653 1204 3709 Petri
1220 3652 1443 3723 commendatis,
1460 3669 1596 3710 reversus
1610 3655 1666 3720 est,
1682 3652 1765 3708 lufir-

64 3745 247 3819 mingabem,
273 3743 496 3816 sinningahem,
525 3743 765 3816 okkaningahem
781 3762 788 3810 ;
811 3748 839 3800 et
858 3744 888 3800 in
944 3747 1110 3815 metusque,
1127 3741 1204 3798 intra
1217 3742 1302 3815 Alpes
1313 3741 1385 3799 obiit
1399 3759 1431 3798 111
1441 3743 1539 3799 Nonas
1549 3741 1692 3799 Octobris.
1708 3740 1764 3797 Cu·

64 3838 151 3890 vetus
166 3833 377 3890 monasterium
394 3832 596 3904 piscationem,
612 3832 688 3889 sicut
704 3837 733 3889 et
747 3834 887 3891 anterius.
939 3833 991 3905 jus
1006 3848 1112 3904 corpus
1123 3829 1275 3888 militesxv
1287 3831 1391 3887 diebus
1410 3832 1592 3887 aromatibus
1607 3829 1764 3887 conditum

64 3925 120 3980 His
141 3924 229 3979 rebus
256 3922 423 3994 adjicimus,
448 3922 483 3977 ad
509 3922 617 3977 victum
639 3921 773 3992 fratrum,
790 3921 888 3978 villam
943 3921 1080 3987 ferentes,
1096 3936 1163 3975 oum
1187 3919 1298 3986 faetore,
1322 3924 1440 3992 propter
1459 3919 1596 3987 calorem,
1612 3934 1766 3994 graveren-

64 4010 380 4085 nomineLiegesborh,
405 4027 472 4066 cum
496 4010 576 4066 omui
599 4010 765 4083 integritate
777 4028 841 4082 sua,
857 4015 890 4068 ut
944 4013 1002 4080 tar,
1027 4010 1171 4065 miserunt
1195 4009 1225 4064 in
1247 4012 1369 4065 tonnam
1392 4009 1537 4066 vinariam
1552 4008 1677 4066 aliosxv
1691 4007 1764 4065 dies.

64 4100 135 4158 olim
150 4099 214 4168 tuit,
232 4099 360 4172 exceptis
375 4099 538 4156 cavallariis
554 4100 660 4156 tribus.
676 4100 718 4155 Ad
734 4100 888 4179 'kamaram
912 4120 915 4125 ·
942 4097 1083 4154 Tamdem
1105 4097 1207 4167 nimio,
1218 4097 1320 4154 ioetore
1335 4097 1446 4170 gravati
1470 4098 1551 4170 (nam
1575 4098 1611 4153 ad
1628 4101 1764 4155 sanctum

65 4190 201 4259 fratrum,
225 4189 255 4244 in
278 4188 427 4253 vestiario,
452 4188 609 4261 adjicimus
624 4188 805 4246 ltrolsashem
821 4206 888 4246 cum
943 4186 1114 4260 Dyonisium
1134 4186 1669 4260 eumtranslerrecupierant),demum
1684 4184 1765 4253 victi,

63 4279 247 4347 Westkerda,
270 4282 300 4334 et
323 4294 391 4333 cum
411 4278 610 4352 appenditiis;
636 4283 665 4334 et
681 4278 710 4334 in
726 4278 889 4335 Gelwalda-
942 4276 973 4331 in
989 4276 1168 4331 monasterio
1191 4274 1336 4331 Nontueto
1351 4274 1538 4348 burgundia,
1554 4273 1632 4346 quod
1658 4272 1767 4328 dicitur

64 4370 157 4439 storp,
183 4365 338 4423 ecclesiam
363 4369 391 4422 et
407 4366 506 4423 vineas
522 4372 549 4422 et
565 4383 670 4422 mansa
689 4383 730 4423 xrr
754 4384 821 4422 cum
837 4367 888 4423 ho·
943 4367 1078 4420 sanctum
1094 4361 1274 4434 Marcellum,
1301 4361 1489 4436 sepelierunt.
1506 4359 1671 4416 Ludovicus
1685 4357 1765 4414 lilius

64 4454 215 4523 minibus3
238 4454 308 4510 item
337 4453 367 4509 in
381 4454 506 4524 ltasello,
523 4454 601 4511 ultra
624 4455 769 4520 Rhenum,
785 4471 927 4545 mansan
943 4453 1018 4526 ejus,
1034 4450 1319 4508 renconstituiturin
1335 4449 1513 4523 Compendio
1527 4447 1639 4521 palatii.

65 4543 203 4600 similiter
225 4560 292 4612 xu3
319 4543 348 4598 in
372 4544 511 4613 Frekena,
537 4561 641 4600 mansa
664 4562 692 4612 x,
706 4562 772 4601 cum
794 4551 888 4603 matra
1156 4539 1251 4596 LVIII·
1268 4540 1305 4596 De
1319 4540 1432 4595 Folcone
1445 4538 1552 4594 atoue.

64 4631 197 4700 ecclesia,
213 4637 241 4688 et
264 4633 410 4689 decimam
434 4632 495 4689 illic
517 4634 696 4699 ordinatam,
713 4651 778 4689 cum
796 4633 889 4690 homi·
979 4631 1063 4702 (878.)
1075 4629 1221 4686 Successit
1235 4629 1352 4684 interim
1365 4624 1669 4683 Hilduinoinabbatia
1682 4622 1766 4681 Falco

67 4720 158 4777 nibus
171 4738 178 4790 ;
193 4721 223 4777 in
239 4721 380 4778 Deventre
405 4726 501 4795 portu,
524 4739 627 4778 mansa
640 4740 680 4777 vrr
697 4741 704 4792 ;
722 4722 759 4779 ad
774 4729 888 4795 portam
943 4720 1112 4787 canonicus,
1126 4734 1145 4773 v
1160 4718 1229 4773 ldus
1251 4716 1411 4784 Februarii,
1437 4713 1589 4771 Dominica
1609 4729 1630 4780 r,
1646 4711 1676 4767 in
1691 4728 1765 4785 qua·

17 4807 22 4814 '
64 4814 177 4879 autem,
203 4815 270 4865 ante
286 4810 361 4867 fores
381 4811 519 4879 ecclesiae,
537 4812 722 4867 vaccaritiam
738 4829 805 4868 cum
822 4812 889 4869 hor·
942 4808 1119 4881 dragesima,
1144 4805 1278 4878 rexitque
1302 4805 1378 4861 hanc
1393 4821 1444 4877 per
1459 4801 1691 4876 quatriennium.
1707 4799 1767 4856 Sub

63 4898 146 4966 tulo;
169 4903 209 4965 et,
234 4901 263 4956 in
290 4902 462 4966 loconesse,
489 4917 592 4956 mansa
610 4919 661 4967 vn,
677 4917 744 4956 cum
760 4902 823 4959 suis
838 4919 888 4975 ap·
943 4899 1176 4970 cujastempore,
1189 4894 1320 4950 ambitus
1335 4892 1445 4949 castelli
1462 4891 1539 4948 circe
1554 4888 1765 4947 monasterium

63 4988 240 5062 penditiiset
248 4990 413 5063 mancipiis.
423 4990 771 5063 Territoriumquoquaet
778 4991 888 5062 vineas,
943 4986 1037 5044 sancti
1052 4983 1160 5041 Bertini
1174 4989 1219 5038 est
1234 4983 1396 5050 dimensus,
1414 4985 1443 5038 et
1457 4998 1509 5054 per
1524 4978 1689 5036 ministeria
1704 4978 1764 5036 dia·

63 5091 139 5148 quas
166 5077 324 5149 predictus
346 5078 437 5134 abbas
459 5077 627 5147 Hilduinus,
653 5094 688 5133 ex
712 5080 889 5151 proprietate
942 5077 1071 5133 tributus
1085 5092 1092 5143 ;
1105 5073 1154 5129 aed
1171 5071 1305 5144 pluribus
1321 5071 1408 5128 rebus
1424 5069 1621 5135 obstantibus,
1634 5085 1693 5126 non
1709 5072 1763 5138 est,

63 5181 129 5233 sua,
146 5165 177 5220 in
192 5165 501 5239 pagoVermandense‚
519 5165 547 5222 in
563 5165 625 5222 loco
642 5169 890 5240 nuncupatolleb-
943 5166 1099 5239 perlectus.
1116 5162 1211 5233 llujas
1227 5178 1304 5217 anne
1320 5160 1424 5233 primo,
1440 5158 1652 5216 monasterium
1670 5157 1764 5215 sancti

62 5251 197 5322 benourt,
223 5253 319 5310 eidem
344 5255 534 5321 monasterio,
554 5270 607 5327 pro
632 5254 760 5310 remedio
785 5256 889 5312 animae
943 5253 1019 5311 Petri
1030 5257 1058 5309 et
1068 5251 1161 5307 sancti
1173 5250 1293 5316 bertini,
1303 5251 1367 5323 jam
1379 5249 1440 5307 vice
1450 5244 1764 5306 alteraaNortmannis

61 5355 135 5413 sua,
160 5341 295 5413 contulit,
325 5344 362 5399 ad
385 5342 544 5400 luminaria
568 5343 663 5417 ipsius
685 5342 812 5400 ecclesie
838 5345 889 5403 ubi
943 5342 1181 5402 estiacensumv
1194 5337 1338 5397 Kalendas
1353 5338 1489 5415 Augusti,
1504 5341 1533 5396 et
1546 5336 1680 5415 ecclipsis
1693 5332 1763 5396 solla

99 5519 156 5605 (99)
171 5521 349 5584 Hicinitium
359 5522 441 5604 regei
452 5521 823 5587 eerottcatvt-saueadam
832 5526 941 5610 eat,ut
953 5522 1080 5598 videtur,
1096 5519 1133 5581 ed
1148 5534 1225 5581 anno
1239 5517 1303 5585 840.
