3892 6090
120 325 179 393 851
602 328 842 395 hlUTPithDI
864 325 1139 392 ecchellensis
1160 327 1351 391 EPISGOPI.
1771 318 1833 386 852

125 465 375 536 ruerenteumque
384 463 948 536 morteturpissimacruciarentvernm
963 465 992 532 Α
1006 462 1100 519 sthisa
1113 461 1246 534 epirosen
1258 464 1357 527 anton,
1371 460 1445 516 Zeus
1456 459 1491 515 de
1502 456 1665 514 echarisato
1676 460 1746 513 auto
1758 457 1833 530 polis

125 552 370 626 disponenteDeo,
382 553 574 624 affectusejus
586 554 835 626 pravnsellectum
847 553 953 608 habere
1006 552 1066 608 zise
1081 551 1163 620 etesi,
1176 553 1212 607 ke
1228 568 1279 607 osa
1294 549 1403 623 elegam
1415 547 1641 620 mantiealegiu.
1658 551 1724 603 Haec
1736 551 1780 603 est
1792 548 1834 603 in-

29 717 34 725 ·
126 659 185 700 uon
201 643 305 716 potuit.
324 642 440 699 Reversi
459 641 549 716 igitur
564 644 598 698 ad
616 659 712 715 regem
736 643 840 710 nuntii,
866 644 953 714 prout
1005 640 1188 713 terpretatio:
1200 637 1711 712 JupiteretJunoeontenderuntde
1726 638 1834 693 amori·

124 733 260 792 viderant
275 737 304 788 et
317 731 480 801 audierant,
495 737 679 788 enarrarunt.
1008 729 1075 798 bus,
1087 730 1154 801 quis
1169 729 1266 800 plures
1281 729 1401 784 haberet
1414 727 1552 783 libidines
1568 726 1598 782 in
1614 726 1705 782 coitu.
1717 727 1753 782 ut
1765 731 1835 782 tunc

163 822 207 877 ll.
223 821 316 893 Igitur
329 837 378 876 rex
395 822 475 894 lingo
492 821 552 876 haec
567 822 667 876 omnia
682 821 766 893 quasi
781 838 833 893 pro
844 818 952 875 nichilo
1008 819 1149 875 Tiresiam
1162 818 1230 874 Euri
1242 817 1336 872 [ilium
1347 815 1837 889 quaesiveruntlsteeniminutris·

127 912 225 967 mente
240 909 364 966 subdola
379 910 500 976 ducens,
518 909 606 981 Papia
629 926 775 982 egressus,
793 909 876 981 longe
897 906 954 964 alio
1010 924 1066 981 que
1080 907 1193 964 naturis
1204 910 1417 962 transmutatus
1428 910 1481 972 est,
1495 905 1564 979 quia
1575 905 1733 960 draconem
1745 904 1838 961 calca-

129 1015 285 1073 properare
301 999 430 1066 festinat,
448 998 606 1071 missisque
618 998 807 1055 circumcirca
816 998 952 1066 libris²³⁵‚
1007 997 1057 1054 vit.
1074 997 1127 1052 Hie
1144 1012 1212 1069 ergo
1223 997 1476 1054 eontraJunonem
1490 994 1700 1069 pronuntiavit.
1712 995 1838 1050 Etluno

63 1086 65 1090 ’
129 1088 238 1145 milites
249 1105 320 1144 suos
328 1088 364 1144 ad
371 1088 820 1160 sevenirepracepitQuosinter
829 1088 953 1143 Samson
1010 1086 1083 1143 irata
1093 1086 1238 1144 excecavit
1253 1103 1330 1142 eum.
1342 1085 1477 1160 Juppitcr
1487 1089 1584 1142 autem
1595 1084 1715 1141 donavit
1724 1085 1751 1141 ei
1764 1084 1841 1140 mul-

130 1180 294 1250 prcepotens
320 1193 417 1232 comes
434 1177 599 1243 advenerat,
616 1177 665 1249 qui
678 1179 740 1249 jam
757 1177 834 1233 dicte
848 1176 954 1232 Gezoni
1007 1176 1046 1232 tis
1061 1176 1154 1233 vivere
1169 1176 1265 1244 annis,
1280 1177 1558 1250 etquantadiceret,
1571 1175 1840 1232 divinandodieere

129 1264 354 1321 inimicissimus
371 1269 442 1321 erat.
457 1266 484 1322 Is
496 1265 622 1339 denique
635 1283 730 1340 regem
747 1270 779 1322 ut
793 1265 875 1333 vidit,
886 1281 954 1322 eum
1009 1265 1064 1321 Sed
1082 1265 1235 1321 redeamus
1251 1264 1371 1321 adrem.
1386 1264 1470 1331 Gaze,
1484 1266 1516 1319 ut
1526 1262 1728 1335 prediximus,
1743 1278 1840 1317 mem-

130 1354 173 1410 ita
188 1353 339 1410 convenit:
358 1377 371 1404 «
385 1353 547 1410 Sollicitum
570 1356 750 1428 [ecquidem
774 1357 810 1412 de
834 1354 954 1411 urbanis
1009 1351 1746 1425 brisdcfoedato,substantiaitliusdiripitur.Ceteri
1758 1368 1840 1407 com-

131 1442 220 1500 rebus
235 1446 336 1499 eontra
350 1448 377 1499 te
394 1443 575 1500 tumultuose
594 1449 622 1500 et
645 1445 766 1502 moleste
781 1445 827 1501 his
851 1444 955 1500 dicbus
1010 1442 1108 1516 plures
1123 1442 1257 1499 custodie
1274 1442 1489 1515 mancipantur.
1505 1440 1674 1514 Walpertus
1691 1440 1722 1496 in
1738 1440 1844 1496 erasti-

133 1531 207 1588 actis
223 1533 353 1600 intucor;
370 1551 471 1589 verum
487 1534 512 1590 si
538 1550 584 1589 me
599 1534 684 1590 audis
699 1535 831 1606 mihique
846 1536 956 1590 obtem·
1010 1549 1081 1589 num
1097 1533 1191 1605 eapite
1205 1536 1367 1600 truncatur,
1381 1532 1538 1589 thesaurus
1549 1529 1758 1603 ejusinfinitus
1770 1529 1843 1585 diri-

133 1638 228 1695 peras,
245 1621 306 1678 suis
322 1622 379 1694 ipsi
394 1622 507 1696 laqueis
524 1623 686 1698 capientur.
703 1623 782 1681 hltcr
797 1624 887 1690 cuim,
904 1622 955 1694 qui
1010 1622 1099 1695 pitur.
1116 1621 1242 1678 Gristiua
1258 1639 1329 1677 uxor
1345 1620 1425 1677 illius
1440 1621 1564 1694 capitur,
1582 1624 1611 1676 et
1628 1624 1661 1675 ut
1683 1620 1844 1676 thesauros

134 1710 241 1787 meliqs
255 1711 412 1771 consilium
428 1713 496 1772 dare
512 1713 605 1787 possit
621 1732 708 1787 quam
720 1732 782 1788 ego,
801 1731 859 1769 nou
872 1710 957 1768 facile
1012 1711 1141 1768 occultos
1157 1711 1264 1779 tradat,
1281 1711 1403 1767 diversis
1419 1710 1555 1766 crucibus
1578 1710 1718 1766 laniatur.
1746 1708 1845 1765 Crevit

134 1801 258 1859 inveniri
268 1806 380 1877 potest;
395 1803 448 1859 tibi
459 1820 526 1860 vero
537 1804 594 1876 ipsi
605 1809 681 1860 certe
695 1821 781 1860 nemo
792 1802 898 1858 melius
909 1802 958 1857 da·
1010 1806 1117 1857 extunc
1132 1817 1189 1855 non
1198 1798 1292 1856 solum
1300 1799 1406 1872 Papias,
1415 1800 1465 1855 sed
1475 1802 1504 1856 et
1515 1799 1545 1854 iu
1554 1815 1655 1855 omnes
1665 1798 1756 1855 ltaliae
1767 1799 1844 1855 fines

133 1891 296 1948 bitonum
309 1896 407 1948 tamen
420 1896 496 1964 peto,
511 1896 543 1947 ut
553 1894 623 1948 dum
636 1893 711 1964 capti
724 1909 789 1948 mea
799 1907 886 1963 opera
896 1890 957 1945 fue·
1013 1889 1091 1962 regis
1106 1889 1212 1957 timor;
1230 1904 1324 1961 neque
1336 1888 1413 1945 hunc
1425 1892 1457 1944 ut
1467 1904 1548 1962 reges
1560 1892 1672 1944 ceteros
1683 1887 1843 1961 floccipen-

135 1979 206 2051 rint,
220 1982 294 2035 Gezo
310 1996 378 2035 cum
394 1980 474 2036 omni
490 1997 544 2035 sua
556 1982 684 2053 ypostasi
702 1979 958 2036 meistradaturin
1013 1980 1091 2048 dere,
1108 1995 1208 2034 verum
1225 1977 1320 2034 modis
1331 1978 1469 2034 omnibus
1484 1977 1638 2033 honerare.

135 2068 307 2125 manibus.»
323 2069 414 2134 Quem
431 2070 500 2125 dum
517 2069 580 2124 dari
593 2069 649 2125 sibi
664 2086 681 2126 a
697 2086 764 2142 rege
775 2069 896 2136 audivit,
908 2068 958 2124 ad·
1050 2069 1093 2123 42.
1110 2068 1218 2123 Eodem
1233 2072 1363 2139 tempore
1376 2065 1518 2134 ildoinus,
1540 2065 1752 2122 Laudociensis
1768 2066 1843 2140 (loo)

133 2156 218 2230 jecit:
231 2180 245 2207 «
257 2158 322 2225 Leo,
333 2157 497 2214 'ticinensis
508 2157 661 2231 episcopus
672 2157 960 2230 civitatis,Walperto
1014 2156 1142 2213 ecelesiae
1156 2156 1442 2228 episeopus,propria
1455 2156 1523 2212 sede
1535 2154 1675 2227 expulsus
1690 2156 1751 2227 (on.
1768 2156 1842 2229 928),

137 2250 166 2302 et
178 2246 283 2302 Gezoni
299 2263 357 2302 non
368 2245 492 2302 habetur
507 2248 634 2318 amicus3
651 2248 672 2303 ii
688 2263 757 2304 sane
774 2262 960 2319 quocumque
1015 2246 1051 2302 ad
1061 2245 1211 2318 llugonem
1222 2261 1329 2318 regem,
1340 2244 1386 2301 eui
1397 2243 1549 2301 affinitatis
1562 2243 1639 2300 linea
1645 2245 1843 2317 jungebatur,

137 2337 262 2408 possunt
276 2338 304 2392 et
318 2334 496 2392 omnimodis
511 2337 711 2392 adversantur.
724 2336 809 2392 Scitis
822 2334 959 2407 denique,
1015 2334 1045 2390 in
1062 2334 1174 2390 ltaliam
1189 2334 1275 2390 veuit.
1292 2334 1346 2400 Oui
1362 2333 1521 2390 honorifice
1536 2332 1572 2388 ab
1587 2349 1621 2388 eo
1636 2336 1842 2406 susceptusssi,

137 2423 228 2480 moris
243 2441 317 2491 esse,
329 2423 389 2497 regi
404 2425 440 2480 ab
452 2423 518 2480 aliis
531 2424 602 2481 loeis
612 2424 732 2497 Papiam
744 2423 873 2480 tendenti
884 2424 961 2480 cives
1015 2423 1212 2480 veronensem
1228 2424 1253 2480 ei
1269 2422 1470 2496 episcopatum
1486 2423 1522 2478 ad
1536 2421 1674 2495 stipendii
1698 2424 1844 2480 concessit

136 2512 275 2569 forciores
289 2517 370 2569 extra
394 2513 496 2569 urbem
522 2531 681 2570 occurrere.
709 2514 843 2569 blandnte
864 2514 962 2585 itaque
1016 2531 1113 2570 usum.
1133 2514 1253 2569 Factum
1270 2517 1314 2569 est
1329 2517 1440 2580 autem,
1457 2517 1490 2567 ut
1505 2515 1571 2585 post
1585 2510 1742 2585 paululum
1758 2514 1841 2569 Lam-

138 2599 214 2659 olam
230 2601 377 2675 episeopo,
389 2607 422 2658 ut
436 2603 507 2658 dum
519 2608 650 2675 tempore
665 2607 774 2659 statuto
785 2602 905 2675 Papiam
917 2619 963 2659 ve·
1016 2607 1117 2675 pertus
1133 2602 1369 2675 archiepiscopus
1385 2606 1557 2669 moreretur,
1573 2605 1602 2658 ct
1622 2601 1670 2657 hic
1689 2602 1756 2659 loeo
1781 2604 1842 2673 ejus

138 2689 290 2758 neritis,et
304 2689 359 2762 ipsi
376 2690 461 2746 nobis
475 2695 555 2746 extra
571 2692 673 2746 urbem
690 2691 804 2747 obviam
819 2691 962 2762 venerint,
1018 2691 1184 2748 Mediolanii
1201 2691 1356 2763 episcopus
1380 2690 1576 2747 ordinaretur.
1591 2689 1720 2747 Venerat
1745 2696 1842 2748 autem

139 2781 240 2850 portas
250 2778 376 2834 civitatis
386 2795 488 2834 omnes
499 2796 611 2835 serrare
628 2779 724 2847 faeiat,
740 2779 893 2852 clavesque
906 2779 964 2836 sibi
1018 2780 1209 2852 eumprafato
1221 2779 1334 2836 ilduino
1346 2779 1842 2852 monachusquidamilateriusno·

140 2866 273 2936 retineat,
287 2882 345 2938 quo
361 2867 432 2922 dum
444 2884 546 2940 capere
557 2883 607 2924 eos
617 2869 793 2941 ceperimus,
805 2885 857 2924 nee
872 2869 901 2923 in
915 2886 963 2924 ur·
1002 2869 1202 2951 ‘minaquiob
1210 2866 1379 2942 religionem
1386 2868 1842 2941 septemquelibcraliumartium

139 2954 207 3010 bem
222 2954 389 3027 confugere,
405 2970 458 3010 nee
470 2955 506 3009 ab
517 2956 588 3010 urbe
599 2954 714 3027 possint
725 2952 866 3011 auxilium
880 2970 963 3027 expe·
1018 2957 1152 3032 peritiam
1167 2957 1279 3013 Verona
1290 2957 1444 3030 episeopus
1453 2957 1651 3024 constituitur,
1661 2957 1712 3014 ubi
1721 2962 1753 3015 et
1764 2958 1840 3027 Milo,

141 3045 229 3099 ctare.
243 3043 350 3110 »Quod
364 3046 393 3099 et
407 3043 517 3099 laetum
532 3045 586 3099 est.
596 3043 669 3099 Nam
682 3043 752 3098 dum
769 3046 879 3100 statuto
892 3046 964 3099 tem·
1019 3064 1106 3121 quem
1122 3063 1212 3120 supra
1236 3046 1474 3117 memoravimus,
1500 3063 1599 3103 eomes
1613 3045 1782 3105 habebatur
1795 3067 1839 3104 aa.

141 3147 212 3204 pore
227 3148 277 3189 rex
291 3131 408 3204 Papiam
425 3132 565 3199 tenderet,
581 3135 610 3187 et
633 3132 787 3188 memorati
809 3132 923 3190 obviam
938 3131 964 3188 ei
1019 3137 1092 3208 932).

142 3219 263 3290 exirent,
278 3220 432 3294 episeopus
447 3219 581 3291 libenter,
594 3225 626 3277 ut
636 3220 661 3277 ei
671 3221 846 3293 imperatum
859 3222 963 3290 fuerat,
980 3210 1001 3277 G
1054 3227 1100 3295 113,
1112 3226 1196 3283 Wido
1208 3225 1328 3293 interea,
1338 3224 1451 3282 Tusciae
1461 3225 1615 3298 provinciae
1628 3226 1841 3295 marchiarum

143 3309 220 3366 feeit.
239 3310 298 3367 Rex
312 3310 409 3382 itaque
423 3327 525 3366 omncs
541 3325 654 3383 capere,
671 3314 703 3366 ut
725 3311 849 3367 Samson
869 3310 964 3367 consi·
1019 3314 1146 3371 Maronia
1158 3331 1306 3371 uxoresua
1317 3314 1500 3371 deJohannis
1510 3316 1760 3388 papaedejeetione
1771 3316 1842 3389 cepit

142 3397 216 3455 lium
231 3399 360 3468 dederat,
373 3399 475 3471 jussit.
484 3399 641 3455 Confestim
653 3399 743 3471 igitur
757 3398 830 3456 Gezo
841 3400 965 3456 Samson
1019 3404 1205 3461 vehementer
1229 3406 1363 3472 tractare,
1380 3406 1467 3474 atque
1481 3403 1536 3459 hoe
1558 3407 1677 3477 propter
1692 3404 1840 3473 invidiam,

141 3487 278 3558 traditus,
291 3492 415 3561 utroque
426 3487 538 3544 lumine
549 3487 692 3560 privatur,
703 3492 731 3543 et
745 3487 923 3562 linguaque
935 3489 964 3545 in
1020 3509 1108 3565 quam
1120 3494 1204 3548 Petro
1216 3491 1297 3549 fratri
1308 3508 1390 3563 papae
1401 3491 1560 3560 habebant,
1571 3492 1712 3564 quoniam
1724 3494 1840 3567 quidem

139 3591 237 3649 regem
254 3575 469 3649 blasphemiam
481 3575 602 3642 dixerat,
615 3576 639 3632 ei
650 3574 965 3635 absciditur.0factum
1020 3581 1103 3638 illum
1120 3597 1196 3653 papa
1206 3580 1283 3636 siout
1293 3580 1412 3636 fratrem
1421 3581 1573 3653 proprium
1589 3581 1764 3639 honorabat.
1776 3587 1841 3639 Con·

139 3664 224 3734 bene,
240 3665 265 3721 si
281 3665 356 3721 sieut
371 3681 477 3734 eoeeus,
492 3664 532 3721 ita
542 3669 571 3720 et
580 3670 681 3720 mutus
697 3665 810 3722 cunetis
821 3667 966 3723 extitisset
1019 3670 1086 3744 tigit
1100 3671 1198 3743 itaque
1215 3670 1297 3726 Petro
1313 3670 1403 3725 Rome
1418 3671 1551 3742 degente,
1563 3670 1721 3728 Widouem
1736 3672 1841 3728 multos

139 3752 338 3827 temporibusl
357 3753 412 3809 Sed
427 3770 444 3809 ο
459 3752 566 3820 scelus,
580 3754 719 3826 quoniam
734 3753 836 3827 lingua
851 3755 966 3812 abscisa
1019 3758 1159 3815 habuisse
1170 3758 1245 3815 clam
1256 3757 1572 3831 militescongregalos.
1582 3758 1842 3834 Cumquediequa·

141 3841 290 3915 loquelam
296 3842 662 3915 nonperdidit,sceuudum
674 3842 964 3913 Grecorumfabulas,
1020 3849 1087 3904 dam
1104 3865 1179 3920 papa
1189 3864 1257 3903 eum
1268 3848 1356 3904 fratre
1366 3848 1527 3920 paucisque
1536 3848 1602 3904 aliis
1614 3846 1645 3904 in
1656 3847 1841 3906 lateranensi

142 3929 295 3988 oculorum
305 3931 466 4004 privatione
476 3931 565 3987 vitam
576 3931 632 3988 sibi
640 3931 804 4003 protelavit,
818 3948 882 4003 quar
892 3933 966 3988 mul·
1020 3936 1127 4009 palatio
1142 3941 1228 3993 esset.
1239 3935 1374 3993 Widonis
1388 3937 1556 3992 ethlarociae
1567 3952 1656 4009 super
1670 3953 1721 3994 eos
1737 3938 1841 3994 milites

141 4018 181 4076 tis
196 4019 232 4075 ad
247 4018 404 4092 perniciem
415 4035 509 4092 usquc
520 4019 549 4075 iu
561 4023 735 4093 praesentem
745 4020 823 4075 diem
835 4022 965 4077 esseben
1019 4027 1173 4094 irruentes,
1188 4025 1305 4081 Petrum
1317 4023 1415 4080 fratris
1429 4023 1523 4097 ipsius
1533 4028 1601 4081 ante
1610 4025 1712 4082 oculos
1728 4025 1839 4083 interfe-

142 4107 240 4166 desiit.
250 4105 679 4176 Fabulaeveroladum,eurceei
688 4106 963 4180 plurimumvivant,
1020 4118 1138 4181 corunt3
1155 4115 1281 4170 eundem
1296 4131 1363 4169 vero
1374 4130 1480 4186 papam
1490 4113 1785 4187 comprehendentes,
1796 4132 1839 4171 eu·

141 4198 305 4255 seeundum
317 4197 476 4255 Gredonum
489 4194 630 4267 ineptiam
645 4194 694 4250 llio
709 4196 886 4264 inseramus,
900 4213 964 4269 (μω)
1020 4203 1114 4260 stedia
1129 4204 1347 4274 manciparunt,
1363 4202 1392 4258 in
1409 4220 1468 4275 qua
1481 4220 1540 4259 nen
1553 4203 1648 4260 multo
1664 4205 1839 4277 postestde·

56 4282 59 4287 ’
112 4292 115 4297 ’
142 4285 209 4344 talis
231 4291 276 4345 est
302 4304 308 4342 ι
333 4298 388 4349 Ζεὺς
407 4296 448 4340 καὶ
470 4296 535 4355 “upa
557 4291 645 4354 ἤρισαν
667 4294 725 4356 περὶ
745 4292 898 4357 oppetisse,
921 4297 964 4354 τὴς
1019 4292 1120 4348 luntas
1136 4292 1180 4346 ²³⁰.
1194 4291 1373 4347 Aiunteuirn
1389 4292 1466 4364 quod
1482 4291 1604 4348 cervical
1628 4309 1719 4366 super
1733 4311 1768 4352 os
1782 4295 1838 4367 ejus

140 4382 242 4434 πλιιόνα
265 4385 317 4450 ἕχει
339 4381 432 4443 iterur
452 4379 478 4427 tv
500 4383 531 4443 τῇ
555 4383 692 4430 caesenate·
716 4398 757 4429 vav
778 4381 833 4430 τότε
855 4382 964 4446 raptatae
1018 4382 1201 4453 inponerent,
1218 4380 1319 4453 sieque
1343 4396 1410 4437 eum
1427 4380 1556 4453 pessime
1570 4381 1760 4439 suffocarent.
1784 4384 1838 4449 Ouo

139 4473 230 4539 ”arpeo
259 4471 310 4520 υϊον
336 4469 466 4530 ἐζήτησαν.
496 4469 570 4525 otro<
597 4473 644 4535 γὰρ
678 4469 703 4518 ἐν
734 4474 785 4527 ταῖς
818 4473 963 4536 αμφοτέραις
1020 4474 1133 4525 mortuo
1143 4470 1217 4542 (lov)
1227 4470 1284 4541 [on.
1299 4468 1374 4543 927],
1389 4469 1482 4543 ipsius
1493 4469 1727 4527 Marotiaefrlium
1740 4471 1840 4529 Johan·

140 4563 240 4627 φύσισοι
267 4560 455 4625 μιταμορφώθη,
484 4557 546 4607 lnior
573 4559 695 4624 δράκοντι
722 4560 852 4621 frameas.
886 4562 1000 4644 correp
1020 4575 1087 4615 nem
1102 4557 1230 4628 nomine,
1247 4573 1335 4631 quam
1350 4573 1384 4614 ex
1405 4556 1505 4630 Sergio
1525 4574 1601 4630 papa
1619 4559 1761 4616 meretrix
1782 4559 1840 4632 ipsa

140 4652 184 4701 οῦν
210 4649 275 4697 κατὰ
299 4651 342 4710 τὴς
369 4654 446 4714 Ἥρας
473 4649 640 4714 carpnttum,
665 4652 707 4697 ml
732 4655 797 4714 “upa
824 4650 960 4715 ὀργισθεῖσα
1014 4650 1164 4720 genuerat,
1182 4663 1288 4721 papam
1311 4645 1585 4718 (l08tconstituunt.
1598 4646 1685 4704 Wido
1698 4664 1767 4705 vero
1786 4663 1838 4704 non

141 4738 268 4802 ἰπήριισιν
292 4737 377 4799 αὐτὸν,
402 4741 456 4796 Ζεὺς
480 4739 506 4788 δὲ
530 4739 661 4805 ἐχαρίσατο
689 4738 755 4787 αὐτῶ
783 4739 865 4796 arohel<
893 4740 964 4801 ζήσαι
1018 4734 1111 4792 multo
1126 4739 1192 4808 post
1208 4733 1342 4802 moritur,
1360 4734 1507 4806 fraterque
1519 4735 1583 4808 ejus
1598 4735 1775 4810 [rampertus
1788 4733 1838 4810 ipsi

140 4827 212 4888 haer,
226 4826 268 4876 sat
281 4826 327 4877 ὅσα
341 4827 425 4892 ἔλεγεν
440 4828 650 4893 pertractatam,
664 4820 738 4877 Zeus
753 4821 788 4876 ke
807 4825 853 4876 lra
872 4820 963 4877 irisan
1018 4823 1146 4880 vicarius
1161 4824 1325 4879 ordinatur.

139 4907 200 4980 peri
211 4907 422 4976 afrodision,tis
430 4907 529 4982 pliona
537 4909 601 4965 echi
612 4908 768 4965 idomasen
776 4909 961 4982 tysynnusim
1054 4913 1098 4967 ll.
1110 4911 1235 4967 Marozia
1246 4915 1375 4968 scortum
1384 4910 1541 4984 impudens
1550 4913 1633 4981 satis,
1647 4915 1838 4973 nuntiossuos

139 4995 176 5052 ka
190 4999 250 5054 tote
263 4997 395 5055 Tiresian
407 4998 483 5053 liuru
503 5014 559 5070 yon
570 4997 702 5065 ezitisan,
715 5002 781 5052 utos
802 5013 855 5071 gar
870 5015 906 5053 en
919 5002 964 5056 tes
1017 5004 1083 5073 post
1100 4999 1231 5056 Widonis
1241 4999 1338 5057 mariti
1350 5000 1529 5057 suimortem
1544 4999 1660 5074 Hugoni
1672 5004 1735 5077 regi
1745 5003 1840 5077 dirigit

139 5085 295 5143 amfoteres
310 5087 396 5160 fysesi
413 5086 625 5143 metamorforti
637 5084 715 5157 epidi
725 5085 865 5143 draconta
876 5088 965 5159 apati·
1017 5090 1073 5162 (aa.
1090 5089 1165 5161 932),
1192 5104 1317 5160 cumque
1332 5088 1435 5145 invitat
1449 5092 1483 5144 ut
1506 5105 1538 5147 sa
1552 5090 1638 5147 adeat
1661 5091 1838 5166 Romamque

138 5190 202 5243 scu,
218 5178 285 5232 utos
300 5193 340 5232 un
355 5175 471 5232 catalis
488 5176 549 5231 lras
572 5174 757 5246 apelhynato,
779 5176 814 5230 ke
830 5175 875 5232 lra
889 5175 964 5249 orgi·
1018 5176 1231 5233 nobilissimam
1240 5176 1387 5233 civitatem
1395 5176 1452 5233 sibi
1463 5178 1837 5239 adsumatlioeautemnon

810 5264 931 5321 VARIAE
957 5265 1165 5323 LECTIONES.

174 5335 208 5369 ²³⁸
222 5336 261 5391 ite
277 5334 303 5404 l,
319 5340 349 5389 ot
363 5343 389 5392 et
404 5337 452 5393 tib.
470 5351 501 5401 u,
516 5333 543 5389 9.
581 5335 614 5368 '³⁵
629 5335 649 5389 i.
664 5350 688 5389 e.
705 5338 872 5408 susceptus.
911 5336 944 5371 ¹³⁶
957 5337 977 5392 ι’.
993 5352 1017 5394 e.
1034 5336 1199 5394 defunctus.

187 5494 239 5550 {86
265 5494 443 5552 Leediensis.
935 5423 1277 5571 NoTAEtl08Noannem
1288 5497 1334 5565 XI,
1365 5499 1837 5560 uimenseldartioanni93tsum·

139 5642 168 5693 et
182 5565 495 5712 gaephhgggtuvilsletiam,
508 5567 591 5637 quisi
603 5572 813 5637 successerant,
826 5570 918 5626 Leone
924 5569 962 5624 Vl
1018 5587 1099 5626 mum
1111 5570 1314 5642 pontificatum
1326 5515 1449 5645 adeptus
1464 5575 1519 5629 cst.
