3876 6084
106 284 169 355 {29
615 288 1308 360 eflehEothNl.-eanfla1tllvim.
1761 301 1822 378 110

107 441 160 483 sus
173 446 188 476 a
200 423 347 482 Veronam
363 420 492 483 directus
508 442 566 483 non
581 425 647 492 luit,
663 431 739 484 certe
759 431 858 485 tamen
876 428 939 486 dua
953 431 982 499 A
997 426 1260 485 ecelesiasticorum
1275 428 1462 499 divisionem,
1475 447 1509 486 ex
1523 445 1581 502 qua
1601 429 1686 503 plura
1701 433 1779 491 mula
1794 438 1823 491 et

107 529 240 586 persona
256 513 377 571 Verona
397 514 582 572 dominantes
609 514 740 588 idipsum
768 517 941 589 prestitisse
995 517 1135 575 seandala
1149 518 1414 592 consequebantur,
1428 518 1581 592 episeopus
1597 522 1670 577 terre
1685 539 1743 579 nen
1758 540 1822 596 pes·

105 601 277 660 videbimus
286 602 365 661 cirea
374 603 486 661 Pascha
500 604 568 661 anni
582 605 732 679 sequentis
744 604 807 661 978.
818 605 940 663 Interim
995 608 1149 662 set‘Gesta
1168 606 1256 663 refert
1279 607 1382 677 synodi
1397 607 1567 664 dioecesanae
1582 614 1649 682 pest
1672 611 1822 670 Ravenna-

108 691 270 750 ltaiherius
291 688 348 751 etsi
376 693 471 751 noluit
486 692 608 751 rebelles
622 710 657 751 ex
672 693 797 751 eeclesia
821 692 939 768 pellere,
995 698 1078 751 tense
1092 693 1248 751 concilium
1262 700 1382 764 coactae3
1399 696 1539 753 describit
1552 713 1741 770 congressum
1756 704 1824 773 post

107 778 138 838 id
151 783 254 839 lamen
269 781 307 839 ab
318 782 362 839 eia
376 780 471 856 petiit,
483 799 518 840 nc
528 783 558 839 in
569 781 730 842 cathedrali
745 800 830 843 sacra
844 782 942 842 officia
995 784 1128 842 eamdem
1143 785 1288 858 synodum
1304 801 1371 842 cnm
1392 784 1541 843 canonicis
1557 785 1702 855 habitum,
1715 787 1823 862 {etvini

108 875 294 945 pangerent,
314 871 365 929 sed
384 870 473 929 aliam
493 887 700 946 quamcumque
720 872 873 933 ecclesiam
887 872 941 931 eli·
995 878 1027 929 nt
1040 873 1264 948 pauperioribus
1280 874 1392 932 clericis
1413 876 1590 948 previderet3
1608 881 1637 933 et
1650 879 1822 935 eorumdem

109 963 223 1034 gerent.
232 960 265 1018 ld
280 963 379 1019 autem
389 978 421 1018 se
431 965 564 1034 expetere
577 960 627 1031 ait,
638 978 697 1019 non
712 963 791 1034 quod
804 963 941 1019 fraterni·
996 961 1150 1019 molimine
1164 964 1243 1036 apud
1259 964 1463 1036 imperatorem
1486 964 1606 1025 indicet.
1618 966 1748 1022 Tandem
1763 983 1823 1024 sun

112 1053 204 1108 marn
218 1051 487 1121 mntemneretsed
501 1050 601 1123 quad«
614 1050 724 1109 rustico
740 1050 790 1109 illo
803 1053 941 1109 monente
995 1067 1089 1108 musae
1104 1050 1243 1108 fiduciam
1259 1053 1424 1124 preferens,
1442 1053 1573 1125 repetitis
1589 1053 1646 1111 illis
1661 1055 1715 1112 Job
1732 1071 1739 1111 τ
1756 1055 1825 1112 Cen·

112 1138 254 1215 mpla,
270 1156 331 1214 que
358 1138 467 1199 dieitur
483 1140 602 1210 :round
614 1141 705 1197 mutes
719 1156 776 1198 non
797 1139 881 1210 uida,
896 1155 942 1197 cor
994 1156 1054 1196 eant
1081 1156 1165 1214 qnam
1191 1140 1355 1209 nesciebam,
1389 1141 1599 1210 ‹tiiipentiseinie
1626 1144 1825 1215 investigabam

114 1244 168 1287 m
193 1228 278 1302 aete,
294 1250 310 1280 a
329 1229 455 1297 videtur,
483 1229 591 1302 inquit,
619 1229 754 1303 quedem
782 1234 811 1287 et
839 1245 941 1303 perne·
995 1228 1145 1296 tainum,
1162 1229 1370 1300 lepidorum
1390 1247 1422 1286 se
1443 1236 1571 1287 metuere
1589 1229 1640 1297 ait,
1656 1249 1692 1288 ne
1707 1249 1758 1307 per
1771 1249 1824 1306 po·

116 1317 241 1377 maria
253 1317 364 1376 doloris
378 1317 441 1374 iore
453 1316 599 1391 levigatio,
615 1317 640 1374 si
660 1318 704 1375 eis
724 1334 780 1374 nen
795 1317 878 1384 visis,
891 1315 942 1391 qui
995 1318 1121 1374 lentium
1137 1317 1300 1391 patrocinia
1322 1322 1411 1391 utrque
1434 1317 1644 1375 malevolorum
1662 1319 1824 1379 calumnias

118 1406 186 1467 mihi
200 1410 286 1465 unta
307 1406 541 1476 malatecerunt,
559 1407 696 1465 etlacere
716 1424 774 1465 non
791 1407 941 1475 desinunt,
996 1404 1173 1480 imperatore
1195 1407 1404 1474 circumvento,
1419 1406 1472 1464 sibi
1505 1409 1645 1465 mascrime
1673 1411 1824 1483 contineat,

118 1496 192 1557 absit
208 1495 425 1571 aliquantisper
449 1495 594 1555 malorum
622 1495 755 1569 ipsorum
769 1495 942 1562 recordatio,
997 1495 1067 1567 qnod
1095 1496 1203 1552 miseris
1230 1497 1353 1568 emtipit,
1374 1497 1406 1553 de
1432 1497 1530 1571 quihus
1558 1498 1668 1571 tectim,
1694 1499 1761 1570 iltis,
1777 1501 1826 1573 qui

119 1588 184 1647 dam
197 1591 334 1644 auctores
348 1586 520 1644 eorumdem
541 1584 803 1658 quantulacunque
819 1583 944 1641 obnubit
996 1585 1105 1640 etienrsi
1117 1584 1190 1656 apud
1204 1584 1316 1657 Scythas
1330 1602 1441 1641 mnsam
1464 1585 1608 1654 emineret,
1625 1588 1763 1660 inculpati
1777 1589 1826 1645 et·

119 1675 230 1735 oblivio.
247 1697 264 1727 n
996 1671 1159 1745 aqueductio
1174 1673 1283 1730 dimien
1297 1674 1425 1744 inissent.
1762 1676 1764 1682 ⁴

150 1767 210 1823 126.
219 1765 262 1823 lie
275 1763 401 1838 epistola
425 1764 462 1820 ad
488 1762 646 1821 Martinam
659 1761 832 1837 episcopum
845 1761 983 1869 Ferre-B
1034 1761 1094 1817 128.
1111 1760 1176 1818 lice
1202 1761 1272 1817 dum
1298 1761 1453 1831 scribebat,
1474 1761 1682 1835 imperatorem
1706 1764 1825 1823 clericos

120 1855 325 1928 densamque
348 1851 504 1926 paritario
519 1851 652 1909 Adventu
675 1851 745 1908 anni
758 1851 812 1908 957
827 1852 945 1908 exarata
999 1849 1107 1907 adiisse
1119 1855 1318 1923 persenserat,
1335 1850 1371 1905 ad
1394 1848 1559 1907 Romanum
1574 1869 1641 1908 vero
1656 1852 1825 1925 pontificem

119 1945 180 2013 luit,
206 1959 301 2017 pauca
319 1941 448 1998 indicare
467 1941 725 2013 sufficiantne.
743 1942 769 2007 l,
786 1937 944 2012 ineptit).
1000 1954 1050 1995 eos
1076 1939 1185 2012 pariter
1213 1939 1379 2010 confugisse
1408 1938 1571 2011 ignorabat.
1587 1944 1696 1997 Verum
1725 1939 1777 2009 illi,
1793 1947 1826 2000 ut

120 2034 197 2092 hane
212 2032 369 2091 Ratheriua
385 2030 413 2085 in
429 2030 596 2088 Rauennate
607 2028 711 2087 saltem
725 2028 947 2100 concilioagno·
996 2026 1144 2098 judicium
1164 2027 1367 2083 institueretur
1385 2032 1487 2083 contra
1505 2028 1686 2096 liutharium,
1703 2047 1761 2104 quo
1781 2046 1826 2087 re·

120 2119 483 2196 verat.Reprehensionem
504 2134 626 2175 suorum
641 2117 691 2174 ille
712 2117 875 2175 incurrerat
889 2116 947 2171 du·
1001 2115 1183 2173 scinderetur
1206 2115 1301 2190 ipsius
1328 2116 1495 2182 iudicatam,
1511 2121 1541 2173 et
1554 2117 1632 2175 bona
1645 2118 1702 2175 sihi
1716 2119 1827 2178 ,ablata

121 2212 185 2288 plici
196 2228 235 2271 cx
246 2208 433 2281 musaquod
444 2211 646 2280 puemsatale
659 2206 801 2264 canonica
814 2208 946 2278 expertes
1001 2204 1203 2273 redderentur,
1214 2205 1420 2278 imperatorem
1433 2206 1612 2262 exorandum
1627 2210 1778 2281 putarunt.
1791 2207 1828 2265 Ut

121 2300 278 2372 mahumet,
293 2297 383 2371 idque
395 2296 488 2371 pretio
503 2295 700 2353 intercedente
713 2299 873 2368 perageret.
882 2293 947 2349 Haec
1001 2299 1099 2351 autem
1115 2294 1145 2351 in
1161 2298 1311 2368 posterum
1326 2295 1403 2352 hena
1421 2294 1457 2350 ad
1477 2311 1508 2351 se
1527 2295 1703 2368 pertinentia
1718 2297 1748 2353 in
1762 2302 1827 2354 tuto

121 2388 241 2465 epistola
268 2385 399 2447 lietherii
414 2384 510 2442 zelum
534 2385 725 2453 demonstrat,
738 2383 789 2456 qui
816 2381 948 2456 episcopi
1001 2387 1109 2452 essent,
1125 2388 1154 2439 et
1169 2400 1186 2439 n
1200 2384 1268 2456 jure
1281 2382 1486 2456 episcoporum
1501 2383 1697 2440 eximerentur
1710 2391 1826 2458 aposte-

123 2477 327 2543 hminnioris
339 2475 412 2532 vitia
425 2474 569 2548 corrigere
584 2472 709 2530 studuit.
1001 2471 1062 2527 licor
1091 2471 1170 2528 sedis
1198 2471 1400 2528 auctoritatem
1429 2468 1644 2543 implorandam
1675 2489 1824 2530 censuere.

123 2565 457 2654 {amittite-Arra
480 2565 552 2621 anni
574 2563 797 2619 eueherentur
822 2559 948 2687 Quasitcra·
1002 2559 1336 2660 Clamigitnrltomam
1366 2558 1495 2658 legatum
1519 2559 1702 2630 direxerunt;
1718 2557 1747 2617 'et
1768 2561 1825 2617 lor-

211 2654 268 2698 Μ
293 2646 412 2710 ‘timim
443 2651 579 2692 immonis
606 2634 685 2690 'labii
716 2632 748 2690 ‘1⁴3
779 2648 857 2706 Ραθθ·
906 2647 947 2686 η·
1001 2646 1321 2720 tussrsrdemzllcqur
1343 2648 1379 2703 ad
1399 2651 1569 2703 comitatum
1594 2647 1824 2719 misansfuerut,

153 2703 945 2849 mssssbffffl’ncussussssffiqsssssrffigffiussmwzsss
1001 2739 1031 2794 in
1047 2738 1194 2794 mundatis
1209 2736 1323 2803 hahuit,
1340 2743 1372 2792 nt
1393 2737 1507 2808 negotio
1526 2737 1603 2810 apud
1620 2736 1826 2809 imperatorem

109 2918 115 2931 ι
154 2855 261 2915 retatit.
279 2854 435 2924 ‘Ipneomn
460 2848 679 2922 apologeticum
708 2848 773 2904 edit.
801 2847 946 2920 inquisitio
1001 2831 1116 2897 arsen,
1147 2827 1313 2884 itomanam
1347 2825 1515 2899 pontificem
1552 2825 1645 2882 adiret
1671 2826 1824 2900 (Apeiepet.

152 2936 250 2986 mna
263 2919 762 2985 eumdemrltiiseinreneelictherii,
778 2919 837 2991 qiu
846 2917 946 2973 Testa·
1000 2933 1082 2974 num.
1097 2919 1137 2988 7).
1154 2916 1181 2972 ls
1210 2918 1336 2972 antem«
1361 2913 1445 2988 qnasi
1474 2913 1650 2987 apostolicas
1679 2913 1824 2972 litteras»

153 3003 300 3057 menium·
319 2996 426 3063 N⁰⁹¹⁷¹⁰=
442 2997 473 3048 “i
494 2992 665 3065 imissfawl'ii
689 2991 799 3057 mnino,
812 2989 946 3062 illidium
1000 3005 1110 3074 retulit,
1127 3004 1235 3079 quibus
1259 3005 1315 3060 sub
1336 3019 1423 3077 poena
1449 3001 1644 3061 anathematis
1672 3003 1825 3062 interdice-

153 3070 237 3127 ΜΜ
263 3074 357 3125 mm
379 3062 513 3132 summm,
530 3064 579 3137 9¹⁴5
594 3064 683 3119 ‘rim
698 3061 818 3134 'imm
840 3059 874 3116 ἀΰ
896 3059 946 3142 '²⁰9
999 3095 1096 3163 hatur,
1113 3110 1149 3151 ne
1173 3093 1329 3151 liutherius
1352 3094 1403 3149 aut
1417 3104 1601 3149 successores
1616 3092 1680 3164 ejus
1705 3109 1769 3149 sese
1795 3092 1825 3148 in

151 3142 257 3216 placito
287 3138 423 3211 qmrttru.
446 3135 593 3193 aventer
615 3135 754 3207 episcow
777 3133 946 3189 heediennn

153 3216 246 3299 epm
270 3211 380 3266 mermi,
393 3206 541 3265 lamudam
567 3207 752 3278 episcopatum
779 3203 905 3273 mpii„
920 3171 983 3259 020
1001 3201 1048 3241 rea
1063 3183 1269 3241 canonicorum
1285 3181 1522 3238 intromitterent.
1543 3179 1716 3267 Duriorihus
1729 3179 1826 3238 verbis

155 3302 187 3343 nr
200 3283 344 3354 Belgicam
355 3280 515 3336 reuertitur.
1001 3273 1056 3330 hoc
1071 3271 1180 3330 luctum
1205 3269 1344 3328 describit
1368 3268 1533 3344 episeopus.
1549 3267 1625 3325 Dum
1640 3272 1738 3326 antem
1761 3286 1827 3344 pre-

156 3376 220 3432 litt.
234 3375 309 3428 cum
323 3367 443 3426 rebellio
462 3366 578 3440 publice
597 3365 627 3423 in
643 3365 706 3423 dies
721 3368 823 3423 centra
835 3364 947 3437 episee·
1002 3363 1076 3419 tium
1097 3362 1126 3417 in
1147 3361 1222 3417 hanc
1237 3376 1299 3416 rem
1318 3358 1520 3415 intercessisse
1540 3358 1683 3429 affirmat;
1703 3358 1827 3433 pecunia

120 3479 192 3539 pam
205 3461 419 3530 effervesceret,
430 3457 456 3512 is
471 3456 500 3512 in
515 3455 654 3513 omnihus
669 3454 947 3525 sermonibus,quos
1001 3451 1121 3525 quidem
1136 3453 1308 3523 corruptum
1330 3464 1387 3504 nen
1408 3447 1555 3503 eredimus
1569 3447 1667 3519 ipsum
1682 3447 1826 3504 ioannem

118 3555 151 3612 in
165 3547 398 3623 Quadragesima
412 3544 480 3602 anni
495 3544 549 3600 968
561 3544 597 3602 ad
613 3543 754 3617 populum
765 3541 868 3597 habuit
878 3541 948 3613 (liis-
1001 3539 1067 3596 XIII
1082 3553 1235 3595 summum
1249 3534 1428 3610 pontificem,
1445 3536 1530 3606 cujus
1545 3534 1676 3607 probitas
1692 3534 1825 3608 pluribus

119 3643 223 3710 medic,
241 3646 325 3698 nam.
339 3637 380 3709 7),
393 3634 514 3693 rebelles
537 3635 575 3693 ad
594 3651 696 3708 pacem
720 3648 855 3690 revocare
878 3647 947 3688 cen·
1001 3625 1188 3697 testimoniis,
1205 3629 1234 3681 et
1247 3625 1283 3681 ab
1305 3624 1369 3697 ipse
1384 3622 1472 3679 etium
1488 3620 1624 3678 liuthario
1639 3623 1827 3680 commenda-

118 3732 222 3798 landit,
237 3744 329 3802 quam
345 3742 409 3782 aeae
424 3741 491 3781 cum
505 3722 580 3798 ipsis
595 3722 789 3780 libentissime
803 3719 947 3777 initurum
1000 3721 1049 3773 tur
1063 3717 1168 3790 (itiner.
1185 3731 1215 3771 n.
1230 3715 1270 3783 2),
1286 3708 1433 3778 (laconici,
1457 3709 1507 3783 qui
1533 3709 1643 3768 divitiis
1667 3710 1825 3785 pollebant,

118 3818 285 3896 spopondit,
299 3835 312 3864 a
328 3818 445 3871 tantum
461 3813 491 3870 in
510 3829 579 3869 vera
599 3828 669 3884 puee
685 3811 740 3869 hoc
762 3809 869 3867 vellent
883 3808 946 3866 etli-
1001 3805 1079 3863 sieut
1093 3803 1218 3878 pecunia
1235 3801 1400 3874 potentium
1421 3799 1584 3872 patrocinia
1606 3799 1754 3872 aucupati,
1770 3799 1826 3856 im·

116 3909 282 3971 mased
305 3906 425 3963 frustra.
441 3901 473 3960 ld
493 3901 571 3959 enim
588 3902 685 3975 potius
700 3916 801 3959 eorum
821 3898 947 3972 augebat
1000 3892 1142 3969 paratoria
1158 3891 1290 3948 animum
1308 3887 1446 3947 liuthario
1474 3904 1653 3964 propensum
1676 3888 1827 3945 subverte·

118 3996 337 4073 auperhiam,et
348 3991 526 4050 accendebat
535 3989 690 4056 malitiam,
701 3989 773 4046 adeo
787 3991 820 4045 ut
833 3988 946 4061 pej0res
1000 3987 1080 4070 runt,
1097 3987 1129 4040 nt
1144 3980 1280 4054 deinceps
1305 3978 1431 4053 patebit,
1446 3977 1488 4034 ita
1508 3977 1609 4034 eadem
1634 3981 1696 4033 arte
1720 3977 1826 4033 lloma·

116 4087 149 4144 in
160 4086 334 4160 episcopum
348 4079 569 4137 criminationes
584 4081 766 4152 spargerent,
778 4093 866 4149 qnam
882 4092 946 4148 qnae
1001 4090 1055 4129 noe
1071 4071 1215 4145 quosdam
1239 4070 1377 4142 patronos
1396 4066 1485 4136 nacti,
1501 4065 1664 4124 obtinuisse
1679 4066 1825 4136 videntur,

117 4174 148 4233 tn
164 4173 312 4246 Quntitntis
339 4171 498 4244 conjectura
524 4165 693 4240 nuperrime
706 4164 860 4222 Ambrosio
887 4169 945 4221 tra·
1001 4166 1035 4218 ut
1047 4159 1197 4234 negotium
1212 4157 1349 4215 Ratherio
1371 4157 1491 4214 ahsente
1515 4160 1543 4212 et
1566 4154 1731 4213 inconsulto
1745 4158 1826 4212 tran·

117 4265 182 4323 dita
207 4247 387 4319 referuntur}
416 4256 475 4314 Hes
503 4255 723 4313 criminationes
752 4253 887 4310 indicans
915 4251 946 4309 in
1000 4251 1155 4324 sigeretur,
1172 4251 1201 4304 et
1216 4244 1380 4320 apostolice
1397 4244 1499 4302 littere
1514 4248 1616 4301 contra
1633 4244 1731 4317 ipsum
1754 4239 1826 4300 seri-

116 4352 289 4428 amatae
315 4363 399 4405 num.
415 4347 432 4402 1
448 4363 455 4402 :
472 4368 487 4397 «
502 4344 637 4412 Quidam,
661 4343 712 4413 ait,
738 4341 798 4400 sive
825 4341 946 4427 putatis,
1000 4341 1150 4398 berentur.
1167 4340 1238 4393 Cum
1255 4335 1410 4410 episcopus
1425 4350 1489 4392 sese
1509 4332 1540 4388 in
1559 4333 1637 4389 bona
1651 4335 1679 4387 et
1693 4331 1826 4388 redditus

117 4442 180 4499 'aive
194 4457 212 4499 a
225 4455 259 4497 ae
272 4437 369 4510 magis
384 4434 518 4492 confictis
530 4449 577 4490 me
588 4430 724 4504 jaculant
733 4429 907 4488 criminibus
918 4448 945 4488 »t
1000 4428 1172 4487 clericorum
1194 4422 1369 4483 cathedralis
1395 4420 1522 4480 ecclesia
1545 4419 1738 4476 intromittere
1761 4423 1825 4476 stu-

115 4546 181 4605 qna
210 4528 464 4593 num.8«tanta,
489 4522 646 4589 talia,tam
674 4521 760 4589 laeda,
790 4524 851 4576 tam
880 4524 984 4611 tur-B
1001 4512 1409 4586 duit,mensejuasuit,nen
1426 4506 1742 4583 utquidquamexiis,
1760 4524 1824 4580 que

116 4620 177 4694 pia,
203 4622 267 4674 tam
296 4611 489 4681 incredibilia,
508 4615 538 4668 et
565 4610 622 4684 ipsi
650 4610 739 4668 etiarn
768 4608 845 4664 etati
873 4625 944 4665 mere
999 4607 1130 4682 ipsorum
1159 4607 1253 4670 erant,
1269 4601 1446 4672 decerperet,
1463 4615 1496 4655 nc
1517 4597 1547 4653 in
1567 4596 1640 4654 alios
1666 4613 1738 4654 usus
1765 4601 1825 4653 tra·

117 4706 294 4765 metronia»
310 4707 404 4761 vocat.
420 4702 494 4759 Cum
520 4700 620 4773 itaque
646 4696 768 4755 rebelles
783 4697 821 4754 ad
841 4713 944 4771 pacem
999 4698 1129 4763 duceret,
1144 4693 1196 4749 sed
1211 4694 1244 4747 ut
1258 4708 1292 4746 ex
1305 4687 1378 4764 ipsis
1403 4688 1576 4761 rebusque
1600 4683 1761 4760 generatim
1777 4703 1824 4744 cu-

117 4814 177 4855 non
200 4799 302 4870 posset
324 4794 477 4860 deducam,
493 4791 595 4848 eadem
610 4787 840 4861 Quadragesime
861 4786 944 4844 lucu·
999 4782 1141 4842 thedralis
1156 4779 1283 4839 eeclesia
1305 4776 1417 4836 clericis
1442 4777 1538 4851 legata
1552 4777 1679 4847 inerunt,
1693 4774 1734 4832 ita
1748 4775 1825 4832 inter

118 4885 215 4943 brevit
226 4883 402 4958 opusculum
413 4880 600 4953 inscriptum,
612 4877 753 4935 Discordia
767 4877 945 4949 interipsum
999 4892 1049 4932 eos
1064 4873 1252 4947 partirentur,
1269 4885 1304 4925 ne
1326 4862 1477 4924 inferiores
1498 4868 1700 4941 premerentur
1713 4863 1823 4938 inopia,

119 4974 280 5040 nemos,
296 4972 375 5044 quod
393 4969 510 5027 dissidii
534 4967 618 5024 initia
641 4971 670 5023 et
694 4982 798 5023 causas
824 4965 943 5038 detegit.
999 4970 1027 5022 et
1041 4959 1268 5028 divinoscultus
1285 4956 1496 5014 detrimentum
1512 4957 1637 5028 caperet.
1655 4954 1712 5010 llac
1724 4958 1823 5011 autem

119 5063 248 5128 Quatnor
263 5061 354 5133 hujus
374 5057 526 5116 discordia
541 5073 647 5114 causas
662 5059 818 5124 memerat;
836 5056 864 5109 1⁰
878 5070 945 5110 mo·
999 5055 1096 5110 mente
1111 5048 1249 5122 episcopi,
1262 5046 1367 5120 hisque
1380 5062 1478 5102 rerum
1493 5043 1723 5101 circumstantiis
1737 5040 1823 5115 [cmx]

120 5168 186 5209 rum
209 5149 340 5224 episcopi
365 5152 394 5205 et
416 5146 588 5205 clericerum
613 5142 899 5212 dissimilitudinem,
914 5144 945 5198 2⁰
999 5159 1058 5200 non
1072 5138 1199 5214 cognitis
1214 5137 1359 5209 injustum
1373 5135 1466 5193 videri
1480 5138 1604 5208 poterat,
1616 5133 1752 5191 eumdem
1767 5132 1825 5207 epi·

119 5239 248 5314 episcopi
261 5235 528 5296 sollicitudinemin
538 5233 737 5309 promovenda
746 5232 845 5307 legum
854 5231 945 5290 eccle-
999 5246 1132 5305 scopum,
1148 5227 1199 5302 qui
1214 5225 1350 5300 pluribus
1366 5223 1603 5282 accusationibus
1618 5224 1654 5281 ad
1670 5222 1825 5295 imperato·

118 5328 307 5387 Moerum
327 5325 526 5393 observantiu3
546 5324 577 5380 3ο
588 5323 723 5395 ejusdem
738 5321 846 5390 nisum,
862 5323 895 5376 ut
909 5337 945 5377 ex
998 5336 1060 5380 rem
1075 5317 1180 5375 delatis
1195 5313 1271 5371 male
1286 5313 1433 5380 audiebat,
1445 5312 1474 5368 in
1489 5313 1608 5370 laudata
1620 5313 1697 5369 hona
1711 5328 1744 5369 ac
1759 5312 1823 5369 red·

118 5417 233 5476 wecilii
251 5415 429 5474 Ravennatis
450 5431 483 5471 ac
508 5413 632 5470 Renum
654 5410 800 5485 pontilicis
815 5411 941 5480 decreto,
998 5410 1078 5467 ditus
1093 5410 1195 5464 centra
1208 5407 1334 5461 veterem
1360 5402 1603 5460 consuetudinem
1619 5401 1693 5458 velle
1718 5416 1847 5463 novam,

116 5518 233 5565 amen
246 5504 432 5579 imperatoris
443 5503 583 5562 mandate
597 5501 773 5563 clericorum
782 5498 944 5558 mulierosi-
998 5493 1234 5556 distributionem
1249 5491 1398 5563 inducere,
1414 5480 1463 5548 eui
1481 5491 1503 5546 ii
1522 5480 1578 5567 ipsi
1598 5488 1749 5547 interiores
1763 5487 1823 5545 cle·

115 5599 210 5669 m
227 5594 399 5673 tetlcfflr
411 5594 491 5677 qaod
512 5591 613 5657 minus
634 5605 751 5672 aquam
772 5586 943 5655 reddituum
999 5585 1063 5663 rici.
1078 5597 1205 5669 quornm
1228 5597 1318 5645 causa
1341 5580 1493 5669 metetur,
1507 5570 1675 5645 obstabant.
1689 5577 1762 5642 ltine
1776 5590 1822 5656 ref
