3876 6084
106 264 187 330 uss
530 317 532 321 ,
635 257 877 332 rosumere.
899 255 1059 335 essem
1081 227 1283 322 verlohr.
1422 299 1423 304 ,
1738 251 1825 316 sm

107 396 252 472 nemitori
267 394 529 473 rogauit-Signum
546 393 721 453 Fladeberti.
735 393 858 466 Signum
874 392 936 450 Me·
949 394 978 465 A
991 392 1100 466 rogavi.
1118 391 1316 466 Ravaugerus,
1330 408 1363 448 ae
1378 391 1404 449 el
1417 390 1559 465 indignus
1572 388 1734 463 episeopus
1747 385 1822 443 snb-

107 476 249 560 dalohari.
269 481 393 559 Signum
415 480 566 543 llrleberti.
590 483 716 559 Signum
736 480 880 540 Childolll.
896 480 939 538 Si·
992 480 1119 554 scripsit.
1136 486 1151 548 †
1169 481 1334 549 hotberthi
1351 474 1734 547 bladalbsriitllamba'rti
1745 476 1823 532 vica-

107 572 200 656 ga'um
212 571 371 633 Mauriane.
389 573 511 648 Signum
526 572 680 648 Sigeberti.
992 570 1065 627 rius.
1077 571 1275 629 chrodbertus
1287 570 1361 629 banc
1371 569 1573 627 vendicionem
1583 565 1707 625 scribsit
1715 569 1747 623 et
1755 565 1825 622 sub·

143 660 368 722 Brohembodus
385 662 475 721 lector
489 662 565 721 banc
574 661 768 720 vindicionem
780 658 898 718 scribsit
910 663 940 716 et
993 660 1121 717 scribsit.

110 752 300 825 subscribsit.
1154 749 1224 807 XXI.
1239 750 1277 808 lle
1290 751 1411 806 transite
1426 750 1524 806 ommi
1537 747 1657 804 Bertici.

118 842 124 849 '
152 859 225 929 xlx·
242 839 319 932 Quod
332 859 543 933 grpsrsgopog
556 858 730 929 pgaopmgm
744 857 895 916 moggum
1029 838 1090 895 Sub
1105 840 1194 911 hujus
1219 840 1329 913 praelati
1344 837 1478 895 llrlel'ridi
1500 835 1652 911 regiminis
1677 838 1826 934 temporo,

390 949 472 989 seam
485 933 661 988 commiserit.
993 929 1096 986 beatus
1111 934 1193 1001 peter
1208 930 1344 986 Bertinus
1362 927 1468 1003 plenus
1482 927 1596 984 dierum
1610 930 1639 982 et
1653 927 1826 991 sanmtate,

145 1019 298 1080 Crescente
310 1020 422 1081 interea
435 1019 623 1078 multitudine
639 1018 862 1086 monachorum,
874 1017 939 1073 bee-
993 1022 1060 1090 post
1069 1018 1242 1073 diuturnum
1253 1017 1283 1076 in
1293 1017 1410 1074 Domini
1420 1016 1558 1074 servitute
1567 1013 1827 1079 famulatumear-

110 1113 160 1169 tes
169 1110 408 1185 paterltertinus,
418 1109 536 1185 praelato
549 1109 705 1183 Rigoberto
715 1107 940 1180 requiemdesu-
994 1123 1049 1164 nea
1064 1106 1262 1180 relinquentes
1283 1106 1442 1182 ergastula,
1457 1103 1592 1180 migravit
1606 1105 1642 1172 ed
1658 1103 1827 1168 Christum,

112 1198 240 1269 dationis
250 1199 407 1274 indulgens
415 1196 643 1273 (43),venerabili
651 1197 711 1254 viro
721 1196 862 1254 Erlesrido
871 1196 940 1268 (tl),
994 1200 1184 1269 percepturus
1200 1196 1236 1252 ab
1261 1196 1324 1269 ipso
1348 1200 1460 1252 esterna
1484 1192 1737 1251 remunerationis
1761 1193 1830 1247 bra-

113 1305 177 1348 ase
193 1289 314 1358 nuria,
330 1287 454 1359 coenohii
468 1287 517 1345 eui
540 1287 670 1360 regimen
690 1283 853 1354 commisit;
866 1285 939 1357 ipse,
994 1285 1143 1358 vium,qui
1154 1288 1215 1342 eret
1225 1301 1319 1342 annus
1330 1282 1712 1342 Dominieainoarnatiouis
1722 1280 1791 1349 698,
1801 1283 1832 1337 st

115 1376 249 1457 arctioris
262 1377 328 1441 vite
350 1376 413 1435 vias
435 1376 584 1444 incedens,
600 1379 731 1433 semotus
753 1392 770 1430 a
792 1373 942 1431 mundana
996 1373 1107 1448 prelati
1123 1374 1200 1448 regis
1210 1373 1494 1446 hildebertinus),
1502 1372 1665 1431 indictione
1673 1388 1716 1427 ru.
1727 1367 1833 1442 Sepul-

114 1466 344 1540 perturbatione,
354 1469 416 1522 tota
425 1470 522 1523 mente
534 1465 684 1529 insisteret
698 1464 801 1521 dimus
817 1460 943 1536 philoso·
995 1468 1101 1536 tusque
1112 1462 1197 1520 estin
1208 1461 1331 1521 basilica
1344 1463 1440 1519 sancti
1455 1460 1585 1529 Martini,
1596 1460 1646 1519 ubi
1662 1458 1837 1534 plurimas

115 1556 201 1630 phire.
211 1555 352 1613 Preietos
363 1554 498 1613 autorvlr
507 1553 761 1611 reverentissimus
770 1550 941 1616 Erlclridus,
997 1551 1120 1610 Domino
1130 1551 1253 1608 virtutes
1264 1568 1315 1625 per
1325 1551 1390 1624 ejus
1402 1551 1508 1608 merita
1517 1554 1588 1621 sunt
1601 1547 1836 1623 pauatazquoo

115 1643 387 1718 interoaeteraquae
412 1643 514 1719 gessit,
530 1643 601 1700 emit
615 1661 632 1699 a
647 1644 777 1716 quodam
801 1631 872 1709 viro,
890 1657 941 1696 no·
997 1645 1094 1699 textus
1109 1641 1174 1712 ejus
1187 1639 1259 1698 Vite
1282 1640 1417 1714 patefecit
1437 1638 1669 1713 elegantissime.
1682 1639 1725 1703 lto
1740 1637 1837 1703 etiam

116 1733 196 1792 mine
208 1733 389 1803 Darabmdo,
404 1749 451 1789 res
468 1732 611 1806 portionis
627 1749 697 1800 sue,
711 1731 741 1786 in
755 1730 819 1787 loeo
832 1730 981 1843 nuncu-⁸B
997 1734 1128 1803 tempore
1143 1731 1207 1803 (47),
1220 1729 1392 1787 venerabilis
1414 1746 1463 1785 rex
1486 1728 1675 1787 Hildebertus
1692 1726 1835 1802 migravit

116 1825 205 1896 pente
226 1821 458 1888 saroaldsclusa,
469 1838 559 1893 super
580 1821 666 1876 lluvio
682 1821 804 1887 Simma,
821 1819 851 1874 in
867 1833 942 1891 pago
997 1820 1033 1876 ad
1054 1819 1224 1888 Dominum,
1240 1835 1307 1875 cum
1330 1822 1480 1893 regnasset
1495 1817 1581 1876 anuis
1594 1835 1654 1875 xva.
1672 1816 1832 1891 Regnavit

116 1911 346 1979 vermandense,
358 1915 387 1966 ot
407 1910 437 1966 in
459 1909 618 1982 Appiliaoo,
635 1925 723 1981 super
737 1907 824 1963 fluvio
838 1907 940 1974 Yssra,
997 1925 1054 1982 que
1076 1909 1255 1982 [lagobertus
1278 1924 1361 1982 puer,
1377 1908 1457 1969 filius
1480 1910 1555 1981 ejus,
1571 1923 1623 1980 pro
1647 1923 1694 1972 eo,
1711 1907 1801 1976 ausis
1814 1922 1836 1962 v·

117 1999 149 2055 iu
164 2015 242 2072 pugo
252 1998 456 2067 Noviomense,
466 2014 518 2054 seu
534 1999 565 2053 iu
580 1997 650 2053 Diva
661 2002 690 2052 et
699 1997 884 2052 corbunaceo
899 2009 945 2050 eo·
998 1999 1065 2072 (48);
1077 1998 1132 2055 sub
1150 1998 1235 2070 cique
1250 2003 1382 2072 tempore
1397 1997 1656 2072 pradictusabhss
1667 1995 1838 2056 Erlelridus

117 2086 187 2145 lidia
202 2086 282 2144 mille
296 2087 475 2161 quingentis,
483 2103 546 2159 qum
560 2085 730 2144 vinditionis
744 2089 824 2143 carta
837 2084 885 2141 bio
899 2086 944 2141 eet
998 2087 1151 2144 basilicam
1166 2086 1259 2144 sancti
1273 2086 1390 2144 Martini
1400 2104 1492 2161 supra
1505 2085 1600 2144 sancti
1612 2085 1712 2143 Patris
1722 2083 1832 2142 Bertini

119 2175 240 2244 inserta.
1000 2175 1150 2232 tumulum
1164 2175 1299 2250 ampliori
1313 2192 1399 2250 opero
1414 2174 1589 2237 reedificare
1603 2175 1706 2248 empit.

168 2347 171 2366 ι
190 2268 246 2339 XX.
262 2284 369 2357 Emptis
382 2283 516 2355 lirlesridi
535 2283 641 2340 obtutis
656 2283 690 2340 de
703 2284 783 2340 retes
798 2284 874 2355 infre
1017 2264 1099 2323 ΧΧῙῙ·
1113 2267 1150 2322 ⁰0
1165 2264 1358 2324 Eritnb‘ldvlw
1376 2265 1648 2332 salasensem
1667 2263 1815 2337 &litimi-

235 2371 238 2376 ·
400 2396 403 2401 -
440 2355 625 2429 scriptitem).
1036 2355 1104 2412 Post
1119 2353 1293 2429 multiplicia
1311 2354 1401 2430 igitur
1421 2352 1534 2427 prelati
1554 2352 1693 2414 erlehiei
1715 2352 1836 2411 abbatis

156 2444 320 2503 Dominoet
333 2444 491 2502 venerabili
501 2444 563 2501 viro
573 2443 719 2514 llrlihido,
732 2442 831 2500 abbati
840 2443 877 2498 de
888 2457 948 2498 mo·
1003 2443 1224 2512 desudamenta,
1232 2461 1296 2517 quse
1309 2448 1465 2517 postquam
1477 2442 1610 2516 magistri
1620 2446 1778 2516 superstes
1789 2434 1835 2499 ea·

122 2534 250 2597 salomo
272 2531 378 2602 Sitdiu,
397 2534 584 2591 Darmundus
605 2533 747 2589 venditor.
759 2531 878 2588 Constat
901 2546 953 2587 ma
1003 2533 1127 2604 etiterat,
1138 2532 1291 2589 desudavit
1301 2536 1398 2588 mento
1408 2531 1640 2605 promptissima,
1652 2531 1789 2605 migrans
1799 2531 1835 2587 ad

123 2638 182 2684 nou
196 2621 462 2698 imaginariojvrre,
474 2623 525 2681 sed
547 2622 720 2695 plenissima
734 2621 882 2678 voluntate
897 2619 953 2676 tihi·
1003 2621 1379 2691 Dominum,suooessorem
1388 2619 1444 2677 sibi
1453 2620 1572 2694 reliquit
1582 2618 1835 2691 llrchembodum,

122 2712 306 2780 vendidisse,
318 2716 348 2768 et
361 2712 403 2768 lta
417 2704 534 2768 ve'adidi
552 2728 559 2767 :
575 2711 630 2766 hoo
644 2713 698 2779 est,
713 2710 788 2766 duas
802 2711 900 2782 partes
914 2708 951 2766 de
1004 2710 1149 2788 sapientia
1163 2714 1191 2767 ot
1204 2710 1333 2767 bonitate
1345 2708 1532 2782 coequalem.
1542 2709 1595 2776 Qui
1606 2713 1744 2783 tempore
1760 2710 1838 2784 regis

124 2814 156 2858 re
165 2799 309 2874 portionis
319 2817 393 2870 mse,
405 2801 435 2855 iu
446 2799 509 2856 loco
518 2802 707 2870 nuncupante
718 2796 950 2869 saroaldsclusa,
1004 2799 1140 2873 Hilperici
1156 2799 1332 2857 successoris
1343 2798 1473 2872 predicti
1488 2799 1565 2872 regis
1574 2798 1736 2872 Dagoberti
1748 2798 1839 2872 quod·

125 2905 216 2962 super
225 2889 444 2956 tluvioflumna,
455 2889 484 2943 in
495 2901 570 2960 page
579 2887 804 2955 vermandinse;
816 2885 954 2942 similiter
1006 2888 1074 2945 dam
1089 2887 1276 2963 privilegium
1291 2888 1370 2963 regia
1385 2888 1558 2945 auctoritate
1568 2889 1605 2945 ab
1619 2887 1687 2960 ipso
1702 2886 1840 2962 poposcit

126 2982 157 3035 ot
169 2980 200 3034 ln
215 2976 369 3050 hppiliaeo
380 2991 469 3049 super
483 2976 570 3032 devio
586 2977 666 3032 lssra
682 2977 756 3031 duas
770 2979 868 3048 partes
879 2975 953 3032 sitas
1006 2994 1073 3052 rege
1088 2981 1300 3046 constructum,
1314 2977 1392 3051 quod
1406 2975 1503 3034 taliter
1516 2982 1561 3035 est
1576 2977 1699 3035 lactum.

126 3064 161 3122 ie·
172 3081 247 3154 reee
263 3065 521 3133 N⁰vi⁰m01¹⁸t⁸01¹
537 3064 567 3120 1¹¹
580 3063 651 3120 orvs
661 3070 686 3121 0¹
697 3064 866 3120 0⁰rb1¹1¹³⁰0
876 3064 952 3120 <¹⁰⁸⁵
1024 3084 1121 3141 xxru.
1133 3087 1317 3155 preceptum
1327 3079 1475 3157 desiperet
1488 3085 1560 3156 repe
1572 3087 1695 3156 tempore
1704 3086 1825 3158 mesae

128 3158 228 3229 partos
241 3155 278 3212 ad
291 3154 449 3228 integrum,
466 3153 522 3209 boo
541 3157 595 3223 est,
610 3157 671 3209 tem
694 3152 725 3209 iu
748 3153 843 3222 terris,
859 3138 988 3209 domi-G
1325 3156 1431 3213 obtutis
1445 3155 1510 3230 (49).

128 3244 203 3314 bue,
225 3238 366 3313 adificiis,
396 3241 562 3315 mancipiis,
585 3241 687 3310 vineis,
708 3242 830 3316 eampis,
859 3240 952 3310 silvis,
1043 3245 1224 3319 Chilperious
1239 3262 1289 3302 rex
1301 3247 1479 3303 Francorum
1489 3243 1544 3320 [vir
1557 3243 1705 3312 inlusterl.
1717 3247 1752 3305 Si
1766 3247 1843 3310 sacta

128 3332 231 3407 pratis,
248 3331 376 3405 pascuis,
392 3332 477 3405 aquis
492 3347 671 3404 aquarumve
685 3331 868 3400 decursibus,
885 3331 953 3388 lari-
1008 3340 1196 3409 parentorum
1218 3339 1397 3405 nostrorum,
1417 3335 1494 3408 quod
1518 3334 1554 3391 ad
1576 3334 1641 3391 loca
1665 3341 1841 3395 sanctorum

129 3422 233 3491 aeriis,
244 3421 376 3495 peculiis,
388 3422 474 3478 cultis
483 3425 513 3477 et
521 3420 650 3489 incultis,
662 3424 878 3494 suprasortptas
890 3435 954 3494 por·
1007 3424 1208 3505 prestiterunt
1220 3423 1265 3481 vel
1281 3427 1499 3490 concesserunt,
1513 3441 1565 3497 per
1580 3425 1692 3481 uostris
1709 3425 1842 3485 oraculis

129 3511 229 3569 slones
242 3528 259 3567 a
273 3511 320 3567 die
334 3511 464 3585 presenti
483 3509 538 3566 tibi
558 3510 641 3567 trado
656 3513 745 3582 atque
758 3510 955 3567 transcribere
1007 3513 1229 3583 confirmamus,
1239 3512 1318 3588 regia
1328 3512 1540 3571 consuetudine
1549 3513 1604 3571 boo
1613 3530 1806 3585 exercemus,
1813 3518 1843 3574 et

127 3614 198 3674 rogo
213 3600 423 3674 perpetualiter
431 3599 468 3656 ad
482 3600 708 3672 possidendum
723 3599 800 3655 unde
810 3599 908 3672 accepi
922 3599 953 3655 in
1009 3601 1093 3659 nobis
1109 3602 1145 3660 ad
1161 3601 1277 3659 laudem
1288 3601 1332 3658 vel
1345 3600 1534 3660 stabilitatem
1544 3602 1626 3676 regni
1638 3604 1736 3660 nostri
1749 3604 1781 3660 in
1792 3605 1844 3662 Dei

125 3690 223 3762 precio
232 3689 309 3762 quod
320 3690 462 3746 internos
472 3690 545 3745 bena
553 3687 739 3760 complacuit,
749 3688 804 3743 hoc
814 3691 867 3757 est,
878 3691 957 3744 mter
1008 3691 1127 3748 nomine
1142 3691 1287 3764 portinere
1297 3690 1483 3748 confidimus.
1498 3692 1786 3764 Igiturvenersbilie
1800 3693 1843 3766 vir

126 3773 233 3838 aurum
248 3782 278 3835 et
291 3780 457 3851 argentum,
471 3776 581 3832 solidos
600 3776 680 3832 mille
695 3776 871 3849 quingentos
885 3779 953 3831 tan·
1007 3780 1227 3837 lirohomhodus
1242 3780 1318 3836 obba
1328 3780 1364 3836 (le
1374 3779 1550 3837 monasterio
1561 3778 1672 3850 Sitdiu,
1683 3781 1738 3854 qui
1751 3787 1800 3840 est
1813 3782 1844 3838 in

125 3869 202 3936 tum,
217 3866 259 3922 ita
273 3870 306 3922 ut
316 3867 390 3923 odie
406 3864 544 3939 presentl,
557 3864 637 3937 ipsas
652 3866 800 3937 portiones
814 3863 952 3935 habendi,
1008 3886 1082 3943 pago
1092 3869 1295 3926 'tervannense
1305 3867 1453 3926 inhonore
1464 3872 1569 3926 sancta
1579 3867 1679 3925 Maria
1687 3870 1842 3944 genitricis

125 3955 256 4026 meandi,
267 3952 802 4024 dandi,vendendi,oommutaudi,vel
813 3951 955 4026 quicquid
1007 3946 1123 4014 Domini
1139 3958 1231 4015 nostri
1245 3958 1314 4015 Josu
1330 3957 1448 4028 Christi,
1459 3975 1572 4014 necnon
1596 3962 1626 4015 ot
1649 3961 1750 4017 saneti
1766 3960 1842 4018 Petri

126 4041 366 4099 exindsvolue'ris
379 4041 954 4111 lboereliberemotfirmissimam,Cbri·
1008 4050 1038 4104 et
1057 4045 1138 4103 Pauli
1162 4046 1371 4121 apostolorum,
1384 4045 1429 4102 vel
1457 4050 1629 4103 ceterorum
1656 4047 1841 4106 domnorum

128 4135 174 4189 eto
188 4129 324 4204 propltio,
337 4130 367 4186 in
378 4130 516 4187 omnibus
526 4130 636 4187 babeas
647 4133 832 4203 potestatem.
845 4130 876 4187 Sl
887 4129 955 4203 quis
1008 4137 1177 4192 sanctorum
1199 4138 1394 4203 constructus,
1404 4135 1440 4191 sd
1455 4138 1586 4192 nostram
1602 4135 1751 4194 accedens
1767 4155 1840 4212 pre·

127 4218 292 4294 vsm,quod
307 4220 440 4276 loturum
455 4233 521 4276 esse
535 4232 593 4275 non
609 4219 705 4286 credo,
718 4218 742 4274 sl
759 4235 812 4292 ego
826 4218 889 4292 ipse
903 4222 955 4275 aut
1008 4223 1145 4291 sentiam,
1170 4221 1331 4280 elementis
1355 4223 1437 4298 regui
1460 4222 1553 4281 nostri
1576 4224 1741 4298 suggessit,
1762 4213 1843 4300 quod*

128 4309 207 4368 ullus
222 4311 258 4367 de
272 4309 430 4367 heredibus
445 4309 529 4377 meis,
540 4309 585 4365 vel
601 4307 741 4381 quislibet
755 4309 890 4381 opposita
904 4313 954 4367 aut
1008 4330 1080 4370 avus
1093 4317 1192 4369 noster
1205 4311 1385 4370 Chlodoveus
1400 4313 1549 4386 quondam
1564 4329 1613 4369 rea
1635 4315 1673 4370 de
1696 4315 1843 4377 omnibus

127 4404 265 4458 extranea
273 4415 408 4472 persona,
418 4403 520 4455 contra
535 4398 610 4454 bano
619 4396 821 4454 vendicionem
830 4399 951 4467 venerit,
1008 4402 1099 4458 curtis
1113 4400 1157 4458 vel
1173 4400 1250 4458 villis
1268 4401 1362 4475 ipsius
1381 4401 1563 4470 monasterii,
1574 4401 1719 4474 quioquid
1736 4405 1840 4461 eodem

127 4488 290 4547 ihleramus
305 4488 388 4546 vobis
410 4491 575 4557 meismet
590 4485 647 4542 alia
670 4488 795 4554 tantum,
808 4492 952 4558 quantum
967 4510 993 4578 fl
1007 4495 1138 4564 tempore
1153 4489 1351 4562 possidebunt,
1364 4494 1415 4546 aut
1427 4488 1523 4546 adhuc
1535 4489 1655 4547 inantea
1663 4506 1700 4548 ex
1716 4507 1839 4549 munem

127 4571 240 4634 evehis
254 4577 431 4650 accepimus,
445 4576 625 4649 duplamque
639 4575 805 4648 pecuniam,
817 4576 951 4633 consocio
1007 4597 1109 4653 regum
1124 4579 1170 4635 vel
1184 4578 1287 4635 collata
1299 4578 1411 4652 populi,
1424 4596 1476 4635 seu
1491 4579 1528 4636 de
1542 4585 1727 4653 comparato,
1738 4586 1792 4638 aut
1805 4582 1839 4638 ds

125 4667 196 4724 lisso
208 4667 411 4740 distringente,
422 4671 539 4722 coaetus
560 4664 699 4731 exsolvet,
710 4669 739 4720 et
754 4665 832 4737 quod
849 4665 953 4737 repetit
1007 4668 1137 4742 quelibet
1147 4668 1277 4724 adtracto
1289 4669 1318 4724 in
1331 4668 1511 4741 quibuslibet
1525 4669 1610 4742 pagis
1620 4674 1710 4744 atque
1723 4671 1839 4727 territo·

126 4746 291 4812 evindicare
304 4772 363 4812 uon
378 4754 487 4823 valeat;
504 4754 555 4811 sed
571 4753 624 4810 hec
639 4752 770 4809 vendicio
788 4752 867 4809 omni
877 4759 952 4810 tem·
1006 4755 1666 4830 riisinibiestsddltumvelcollatum,intcgra
1676 4759 1841 4816 emunitate

126 4858 197 4916 pore
210 4844 297 4902 firma
311 4847 490 4917 permaneat,
503 4860 570 4900 oum
585 4841 776 4916 stipulatipne
790 4842 925 4898 subnixa.
1006 4846 1183 4904 antecessori
1193 4863 1247 4902 suo
1258 4847 1365 4902 domno
1376 4846 1657 4919 Bertino,quondem
1670 4847 1769 4920 ipsius
1780 4864 1840 4906 mo·

163 4935 266 4988 Actum
276 4933 371 4991 Sitdiu
382 4932 570 5004 monasterio,
580 4949 608 4989 vr
618 4932 715 4988 Nonus
725 4931 804 5002 Maii,
815 4949 892 4988 anno
905 4948 954 4989 xlv
1006 4935 1127 4992 nestorii
1139 4934 1298 5004 abbatc,vel
1309 4934 1345 4991 ad
1356 4935 1528 5006 predictum
1541 4935 1759 4993 monasterium
1770 4952 1837 4994 con·

128 5018 244 5095 imperii
258 5022 358 5078 domni
373 5021 467 5079 nostri
483 5021 641 5080 Hildeberti
657 5019 776 5094 gloriosi
795 5021 883 5093 regis.
893 5021 952 5094 ligo
1007 5024 1153 5091 cessisset,
1163 5027 1196 5078 ut
1206 5022 1305 5078 nullus
1312 5024 1404 5095 judex
1414 5022 1550 5096 publicus
1561 5023 1720 5083 ibidemad
1732 5042 1837 5084 causas

129 5098 319 5167 Baimundus
338 5112 482 5178 venditor,
499 5109 548 5183 qui
573 5109 649 5168 beno
666 5109 867 5166 vendicionem
889 5108 952 5167 lleri
1007 5113 1177 5181 audiendas,
1188 5115 1239 5168 aut
1253 5112 1327 5168 lreta
1338 5113 1507 5184 exactanda,
1516 5111 1561 5169 vel
1576 5113 1773 5186 fidejussores
1787 5114 1838 5171 tol·

177 5269 211 5324 43
237 5266 280 5323 Cl.
295 5267 401 5326 toenn.
417 5268 493 5396 lppdr.
510 5285 573 5342 cap.
589 5271 617 5338 2,
633 5267 689 5325 ool.
705 5269 767 5325 477.
1006 5288 1074 5399 pag.
1091 5271 1156 5340 117;
1171 5271 1275 5327 huual.
1290 5271 1351 5327 XlX
1373 5272 1408 5328 45
1434 5272 1582 5403 tomitp
1623 5273 1693 5342 ‚23;
1710 5275 1837 5334 Martae.

176 5340 210 5395 44
238 5337 280 5395 Cl.
295 5355 360 5412 cap.
375 5341 402 5407 3,
418 5357 426 5393 1
1025 5343 1134 5400 terum.
1151 5342 1289 5412 laedet,
1305 5315 1375 5400 tom.
1393 5317 1440 5418 lle,
1456 5344 1511 5403 ool.
1528 5345 1561 5402 47

176 5410 211 5467 45
235 5408 342 5467 Edidit.
358 5410 442 5493 Breq.
458 5412 588 5484 lttptm,
603 5426 671 5486 pag.
686 5413 749 5469 380.
1054 5415 1088 5470 47
1112 5415 1144 5469 Α.
1161 5413 1212 5469 Cb.
1227 5415 1291 5472 711.

165 5483 209 5556 (46
225 5482 955 5558 AnnusxvChrldebertiregisconvenitcumauno
1054 5487 1089 5541 48
1114 5485 1236 5542 Emond.
1253 5500 1292 5542 rv.

127 5552 236 5617 obiise
258 5555 322 5616 vos.
339 5551 383 5616 ae
397 5550 508 5617 satu.
530 5555 760 5616 ,αα-34444444.
777 5557 951 5636 u1,pse.1,
1049 5556 1088 5613 eo
1112 5554 1244 5653 surim
1257 5553 1367 5652 voret
1381 5556 1589 5649 serre-epum.
1605 5574 1676 5649 paq.
1690 5560 1776 5651 soe,

1582 5387 1589 5415 ,
1617 5360 1638 5402 u
1652 5350 1717 5404 not.
