3876 6084
118 316 177 380 203

575 312 764 378 aarflaau
786 313 909 377 belse.
934 310 1078 378 VERON.
1102 313 1188 376 ΟΡΡ.
1211 314 1311 379 PARS
1333 314 1358 379 l.

1762 314 1822 383 20⁴

117 448 214 506 valeas
229 444 374 514 dubitare,
391 445 507 518 utrique
520 447 652 504 doctores
671 444 797 514 miritici,
823 446 940 519 utrique
954 449 982 516 Α
996 465 1053 521 que
1068 453 1096 504 et
1110 453 1153 520 tu,
1168 449 1410 520 patremfamilias
1422 451 1536 516 adesse,
1553 453 1581 505 et
1607 453 1636 504 ta
1666 447 1701 503 ad
1730 446 1822 502 vinca

117 535 270 611 pontifices
285 533 405 604 summi,
418 535 535 609 utrique
544 535 596 592 toti
608 534 756 592 mirabiles
768 535 941 598 orbi,llomae

119 643 209 698 unas,
225 622 380 681 Mediolani
404 623 486 691 alter,
515 624 653 698 Hipponae
681 624 797 697 praiait
826 625 941 680 tertius,

119 715 215 783 Nulla,
232 712 329 785 inquit
344 711 424 785 prior
439 710 557 784 (Gragi,
573 714 718 784 circinatae·
733 714 835 780 caruis,
860 728 944 785 qaam

118 821 175 861 reon
200 801 370 859 amaramrdat
395 802 516 856 suauitas
540 804 650 857 neentis.
679 803 766 858 Decet.
801 802 841 856 ait
869 800 943 858 altor

120 894 128 966 (
145 892 243 948 Ambr.
260 895 281 959 ),
296 897 326 944 at
341 905 393 961 qao
407 891 506 945 castior
514 892 601 961 uirpc,
613 895 688 946 tanto
699 891 834 945 kaarilior
847 891 892 946 ait.
904 889 944 946 lla

120 984 184 1049 lius,
201 979 296 1052 inquit
310 977 414 1033 tertius
431 979 513 1051 (Aug.
532 980 553 1050 ),
576 988 614 1035 est
646 978 751 1034 tramite
772 980 941 1050 corajapiam,

997 536 1142 593 culturam
1158 541 1240 592 tanto
1256 537 1418 594 studiosius
1432 555 1544 605 vocare,
1570 541 1680 610 qnarrto
1701 536 1766 607 jam
1794 541 1824 591 et

997 625 1129 681 membra
1144 626 1273 698 corporis
1288 627 1323 682 ad
1340 626 1533 682 laborandum
1548 631 1575 682 ct
1599 641 1704 682 sensus
1724 624 1761 680 ad
1778 624 1823 679 in·

996 713 1188 788 telligeadum
1205 715 1342 771 videntur
1357 732 1485 773 crescere
1497 714 1614 772 mentis.
1626 714 1698 770 Cum
1710 712 1824 769 addita·

997 807 1094 859 mento
1110 803 1186 859 enim
1202 804 1432 875 conjunctionis
1445 810 1474 861 te
1489 809 1518 861 et
1538 808 1693 877 sequentes
1720 801 1825 858 invitat

997 892 1114 948 dicens:
1132 893 1168 948 lte
1180 902 1205 948 et
1221 909 1264 948 taos
1284 895 1314 947 in
1330 895 1437 949 laneam
1447 941 1452 945 .
1464 909 1555 948 meum
1584 893 1686 965 (Mettis
1708 908 1757 955 xx,
1771 893 1823 962 7);

997 981 1073 1052 qnod
1092 980 1160 1035 alibi
1177 980 1298 1037 clarebit
1313 998 1364 1037 cur
1379 981 1476 1038 iaciat.
1490 983 1632 1037 Memento
1643 980 1732 1036 etiam
1748 996 1826 1035 mor·

997 1073 1054 1124 tem
1072 1068 1242 1137 infantibus
1260 1069 1359 1140 pueris
1375 1075 1404 1125 ot
1414 1069 1583 1141 juvenibus,
1601 1067 1666 1124 lieet
1682 1068 1824 1123 immatu-

355 1156 416 1211 Trr.
431 1160 464 1212 A.
480 1187 514 1196 -
528 1157 564 1211 lla
575 1158 710 1228 paruulis.
997 1173 1071 1241 ram,
1088 1162 1186 1213 tumen
1202 1158 1357 1231 improvise
1373 1159 1513 1225 accidere,
1523 1159 1565 1214 uti
1581 1163 1609 1214 et
1619 1157 1741 1214 senibus
1753 1155 1826 1212 acci·

155 1249 199 1304 tt).
211 1245 353 1302 Paruulus
367 1245 421 1299 es‘l
436 1243 552 1301 Natriat
567 1249 596 1300 te
611 1245 658 1301 ille
686 1245 715 1301 in
744 1245 799 1302 hoc
826 1245 942 1314 seculo,
997 1245 1041 1302 dit
1055 1247 1160 1303 debite.

112 1337 171 1412 spui
186 1334 351 1392 Samuelem
367 1332 531 1405 intemplo.
547 1334 623 1389 Audi
640 1334 748 1406 itaque,
760 1339 792 1390 ut
802 1340 883 1406 potes
895 1352 902 1402 3
915 1338 944 1390 et
1167 1336 1227 1390 Τιτ.
1244 1335 1305 1402 ΧΗ,
1322 1368 1355 1377 -
1371 1337 1408 1391 lle
1426 1336 1651 1392 adolescentibus.

118 1431 151 1484 tu
168 1429 277 1496 satage,
294 1425 327 1478 ut
340 1425 422 1494 potes
435 1439 441 1488 ;
453 1426 481 1476 et
495 1426 526 1477 tu
542 1438 657 1489 conare,
672 1427 704 1478 ut
727 1427 827 1495 potcs;
856 1427 884 1478 ct
910 1427 943 1479 tu
1033 1424 1078 1480 5l.
1094 1422 1271 1480 Adolescens
1285 1440 1316 1479 es
1327 1424 1341 1478 i
1352 1424 1425 1480 Audi
1443 1424 1600 1480 Dominum
1614 1442 1621 1480 :
1635 1424 1703 1492 Titi,
1714 1421 1823 1495 inquit,

120 1516 221 1580 nitere,
237 1518 268 1568 ut
283 1515 383 1584 potes;
399 1514 428 1565 et
439 1515 470 1565 ta
486 1527 616 1582 sequere,
634 1518 665 1566 ut
681 1516 772 1584 potes,
789 1517 831 1582 tu,
848 1511 945 1568 dicen·
998 1513 1048 1569 82
1063 1513 1133 1581 dica
1149 1529 1228 1583 sarpa
1243 1513 1318 1581 (tac.
1335 1531 1385 1580 vn,
1403 1515 1457 1582 14).
1474 1513 1549 1569 Audi
1568 1518 1598 1568 et
1624 1510 1799 1586 Apostolum
1815 1529 1821 1568 :

120 1609 180 1661 tem
196 1598 395 1672 Sapientiam:
414 1600 552 1671 Usqueauo
568 1601 682 1671 paruuli
702 1602 822 1672 attipitis
849 1603 943 1672 insari-
998 1601 1083 1669 Sarac
1098 1603 1147 1673 pai
1160 1601 1273 1667 danais,
1288 1605 1315 1657 et
1329 1618 1445 1673 arsurae
1458 1620 1476 1658 a
1487 1603 1613 1665 anortuia,
1628 1606 1654 1657 cl.
1676 1601 1822 1656 illumiua-

119 1690 213 1750 tiam?
228 1690 320 1762 (Prae.
337 1704 357 1757 1,
372 1689 440 1756 22.)
457 1687 533 1744 Scito
545 1689 787 1760 patremfamilias
800 1690 945 1755 adesse,et
998 1692 1037 1745 aa
1051 1694 1077 1746 tc
1092 1690 1216 1746 cbristus
1227 1692 1333 1760 (aptes.
1349 1708 1377 1758 v,
1395 1692 1450 1758 111).
1465 1691 1523 1747 Nec
1538 1707 1723 1757 succenseas,
1745 1690 1822 1762 quod

118 1781 246 1852 teipsum
262 1776 312 1832 aevi
328 1776 371 1831 tui
388 1793 474 1832 mane
488 1777 619 1849 quotidie
632 1795 743 1834 vocare.
764 1779 840 1834 Dum
864 1777 942 1834 enim
957 1819 981 1886 B
997 1783 1059 1835 tam
1075 1778 1243 1835 terribiliter
1258 1786 1286 1836 te
1302 1779 1331 1835 iu
1347 1779 1420 1852 ipsis
1447 1779 1530 1836 video
1560 1778 1651 1834 initiis
1675 1777 1822 1846 excitam

117 1865 284 1943 proieceris,
300 1865 370 1920 dum
386 1864 491 1936 legera,
508 1866 577 1920 dum
595 1865 766 1939 intelligere,
779 1867 851 1922 dum
866 1870 942 1922 certe
996 1867 1073 1923 scias
1088 1884 1134 1923 me
1149 1867 1203 1924 hoo
1218 1871 1278 1922 tam
1287 1869 1404 1940 propter
1416 1865 1555 1923 declivem
1564 1866 1712 1940 adlapsus
1723 1866 1824 1922 multi·

117 1958 296 2029 interrogare
305 1951 727 2026 volueris‚inveniesquosdam
739 1952 766 2009 in
779 1955 943 2027 quinquen·
996 1972 1086 2029 genos
1102 1973 1186 2029 agere
1202 1957 1371 2027 hujusmodi
1394 1960 1518 2020 atatem,
1538 1973 1626 2027 quam
1639 1960 1668 2011 et
1694 1955 1826 2027 [sabaudi

119 2046 178 2113 nio,
196 2050 235 2111 at,
252 2044 329 2116 quod
347 2041 468 2113 majoris
483 2041 579 2097 adhue
595 2042 727 2098 miraculi
746 2049 790 2098 cst
808 2045 896 2100 otiam
911 2044 942 2099 in
996 2042 1748 2117 propter]bicipiteminipsaintroituvivendicallem
1756 2044 1822 2113 (illlt

120 2133 257 2200 triennio,
271 2132 306 2188 ad
323 2129 494 2203 martyrium
510 2134 614 2204 sponte
637 2131 944 2205 prorupissc,sapicn·
997 2133 1074 2204 quod
1103 2131 1198 2188 littera
1227 2132 1279 2188 tibi
1311 2132 1477 2206 Pythagora
1510 2131 1601 2188 Samii
1625 2131 1702 2188 valet
1728 2149 1823 2189 recor·

119 2221 234 2280 tissime
249 2226 277 2277 et
291 2218 494 2292 potentissime
513 2218 611 2274 saculi
636 2220 830 2292 potestatibus
858 2220 943 2277 resti·
996 2222 1069 2289 dori,
1087 2222 1111 2277 si
1126 2222 1243 2294 qnando
1257 2222 1325 2277 dara
1341 2222 1379 2293 [s.
1397 2220 1535 2289 nolueris}
1567 2220 1695 2278 volueris
1717 2220 1823 2278 oblitui

119 2310 201 2377 tisse,
218 2308 360 2365 miracula
375 2307 404 2361 in
421 2306 539 2362 noniine
554 2307 671 2362 Domini
686 2309 859 2374 ostendisse,
883 2314 942 2365 tor·
997 2310 1051 2365 Sed
1068 2314 1098 2365 et
1114 2309 1171 2371 ille,
1188 2310 1239 2382 qui
1257 2316 1401 2376 nostrum,
1419 2311 1496 2382 quod
1512 2311 1692 2374 laboramus,
1713 2311 1778 2380 jam
1794 2311 1823 2367 iu

120 2398 346 2458 mentalortiter
376 2395 527 2464 tolerasse,
558 2401 682 2453 tortores
705 2398 943 2454 constantissime
997 2398 1099 2455 maltis
1111 2398 1187 2469 juvit
1210 2398 1275 2470 (98),
1292 2397 1381 2464 auxit,
1397 2398 1560 2463 ornavit,et
1574 2398 1721 2454 roboravit
1736 2415 1822 2472 opus,

119 2489 267 2559 derisisse,
283 2491 407 2543 mortem
415 2502 465 2557 pro
474 2485 597 2541 Domino
606 2502 662 2542 non
675 2490 733 2541 tam
742 2486 942 2555 immaturum,
998 2504 1033 2542 ne
1048 2486 1117 2558 quid
1135 2487 1232 2543 minus
1241 2491 1269 2542 et
1282 2487 1316 2541 ad
1328 2487 1356 2542 id
1366 2486 1571 2560 explicandum
1580 2503 1666 2559 posse
1677 2485 1821 2555 videatur,

119 2592 210 2650 quam
227 2575 383 2649 pretiosam
399 2573 593 2629 libentissimo
609 2575 783 2646 suscepisse,
804 2581 832 2631 et
861 2590 942 2630 coro·
997 2575 1084 2642 adsit,
1100 2591 1179 2646 rogo,
1190 2573 1820 2647 quantocitiusAugustinusutiquabeatus:

119 2682 188 2723 nam
203 2661 433 2720 immortalitatis
449 2678 515 2716 cum
532 2661 630 2736 palma
643 2662 779 2732 victoriae,
795 2663 887 2736 signis
914 2667 943 2719 et
994 2666 1134 2731 luventas,
1152 2663 1257 2735 inquit,
1271 2663 1305 2718 ud
1320 2679 1440 2719 amarem
1456 2663 1579 2731 liberior,
1598 2663 1753 2736 adlapsam
1782 2667 1822 2721 in·

119 2749 941 2822 miraculisadexstinctaeoramcorporaclarcsccutibus,
996 2752 1167 2818 contionari
1194 2754 1385 2824 infimitatem
1412 2753 1550 2824 trapitior,
1566 2753 1601 2807 ud
1623 2754 1822 2825 correptionem

119 2859 150 2897 se
165 2839 321 2913 accepisse,
338 2835 589 2910 perspicacissime
618 2838 835 2894 demonstrasse
862 2839 940 2911 (ilii);
996 2840 1100 2896 durior.
1118 2839 1306 2896 Ecclesiastes
1323 2841 1422 2912 etiam,
1453 2841 1687 2910 Proverbiorum,
1717 2846 1748 2898 et
1772 2847 1821 2899 Sa·

118 2929 237 3002 siquod
254 2927 349 2984 adhuc
378 2925 603 2982 incredibilioris
629 2920 694 2982 orit'
711 2927 845 3000 prodigii,
878 2927 941 2999 plu·
996 2928 1729 3002 pientialibrimuetorumls.auctores]etiamtam
1752 2931 1823 2988 Novi

117 3035 164 3075 rea
183 3017 361 3075 laetissimas
376 3012 503 3088 virgines
515 3014 648 3086 ejusdam
663 3014 792 3071 invenies
821 3015 881 3084 aevi,
911 3016 941 3072 in
996 3034 1085 3089 quam
1101 3017 1212 3073 Veteris
1225 3018 1415 3084 Testamenti,
1431 3023 1490 3074 tam
1509 3019 1618 3074 umbra
1641 3019 1700 3074 veri
1730 3037 1822 3093 qaam

116 3107 253 3164 conflictu
268 3104 402 3161 victrices
418 3101 536 3170 diaboli,
552 3120 604 3176 pra
620 3120 717 3160 umore
729 3103 941 3177 profecisscno·
996 3105 1089 3177 ipsius
1104 3105 1233 3161 veritatis
1249 3106 1303 3161 acti
1321 3106 1469 3178 praesagiis
1485 3107 1534 3178 [al.
1551 3107 1724 3179 praesagnsl,
1750 3109 1821 3182 quid

115 3178 205 3253 minis
222 3194 340 3252 Christi.
358 3192 490 3248 invenies
506 3208 623 3265 quoque
633 3193 766 3264 ejusdem
777 3194 869 3250 atatis
880 3195 937 3250 mi·
953 3178 975 3246 C
994 3194 1030 3249 da
1044 3199 1100 3249 tua
1112 3193 1277 3265 exprimant
1291 3193 1580 3266 proprietateatatis,
1598 3195 1823 3267 quibustecon-

115 3303 206 3355 seros,
224 3289 289 3357 post
304 3283 461 3339 remissum
477 3280 618 3354 originale
634 3288 796 3354 peccatum,
813 3283 939 3357 propriis
991 3285 1037 3339 tra
1048 3283 1196 3338 instruant
1210 3287 1238 3337 et
1253 3282 1388 3338 muniant
1402 3282 1597 3351 documentis,
1612 3283 1735 3357 longum
1759 3284 1821 3342 cdi·

114 3373 226 3430 maritis
242 3377 385 3429 mercatos
401 3371 557 3437 infernum,
570 3374 598 3426 et
608 3371 661 3426 hoc
671 3370 847 3443 quibusdam
859 3389 940 3445 aper·
993 3388 1056 3427 cera
1070 3371 1207 3437 anniane
1220 3369 1464 3442 impedimentum
1478 3372 1516 3428 sit
1531 3371 1672 3444 propositi
1695 3374 1733 3429 ad
1763 3372 1822 3430 alia

113 3462 153 3520 tis
168 3461 285 3521 indiciis
299 3461 335 3517 ad
351 3460 486 3515 notitiam
502 3464 681 3515 monstrasse
693 3461 855 3529 bominum,
874 3462 938 3534 ipso
994 3459 1149 3516 tendentis.
1174 3459 1229 3515 Sed
1260 3458 1435 3526 nete,dum
1453 3460 1820 3534 multisiudigcas,ctiam

115 3549 344 3608 misericorditer
356 3548 551 3622 permittento,
566 3548 615 3621 qui
632 3547 686 3604 boo
702 3549 738 3604 ad
763 3553 819 3605 tua
844 3556 940 3608 caute·
992 3548 1141 3621 aliquibus
1154 3548 1305 3603 videamur
1321 3547 1455 3603 fraudare
1466 3567 1473 3616 ;
1484 3548 1646 3619 hortamur,
1661 3549 1686 3605 si
1698 3549 1823 3619 velis,ut

115 3638 149 3697 ia
165 3640 253 3697 scribi
267 3638 359 3695 voluit
374 3637 551 3709 exemplum.
993 3654 1093 3693 aurem
1108 3636 1204 3693 cordis
1219 3635 1380 3692 Psalmista
1396 3637 1537 3694 adhibeas
1552 3637 1649 3706 dictis,
1661 3637 1824 3710 quibusin-

361 3727 422 3781 Trr.
436 3726 482 3781 Xl.
495 3757 530 3766 -
546 3728 581 3781 lle
593 3729 697 3798 pueris.
992 3732 1143 3798 terragona
1159 3725 1273 3781 tibimet
1288 3742 1451 3798 congruum
1468 3726 1567 3781 statim
1583 3726 1694 3798 accepit
1724 3726 1821 3784 coasi-

149 3819 193 3874 20.
223 3817 297 3872 Puer
323 3815 378 3871 est
407 3814 481 3869 Audi
509 3815 699 3886 Apostolum:
730 3817 817 3872 A'otite
855 3818 939 3889 paeri
992 3814 1084 3870 lium:
1102 3817 1133 3869 la
1146 3830 1208 3886 qao,
1225 3813 1373 3884 inquiens,
1387 3815 1501 3882 corripit
1522 3813 1716 3871 adolescentior
1745 3817 1824 3873 uiam

113 3906 187 3977 effici
200 3905 335 3971 sensibus,
351 3902 396 3959 aad
417 3902 526 3958 nectitis
554 3904 666 3973 parcan·
692 3909 786 3974 estare,
815 3907 939 3962 sensibus
991 3902 1095 3959 stram?
1111 3904 1141 3957 in
1155 3902 1327 3957 custodiendo
1351 3918 1489 3958 aerisonas
1518 3910 1576 3958 taos
1602 3905 1688 3972 (Paci.
1721 3921 1822 3974 maru,

112 3991 517 4067 aatcmpcrsectiaitir(ldor.
535 4008 590 4059 mv,
621 3994 677 4064 20).
707 3993 824 4051 lmitare
853 3994 937 4051 illum
990 3989 1270 4062 sauataigiturut
1289 3990 1385 4046 verbis
1412 3990 1569 4063 Augustini
1598 4008 1677 4048 nunc
1702 4010 1821 4068 quoque

111 4084 148 4140 da
164 4100 221 4155 quo
237 4080 353 4154 legitur,
371 4080 440 4153 quia
453 4080 612 4152 proficiebat
622 4085 703 4138 atate
717 4085 742 4137 ei
763 4083 898 4153 supientia
913 4091 938 4139 et
992 4079 1202 4151 utamur,quod
1212 4095 1268 4134 uon
1279 4078 1643 4151 proesunrptionehumana
1656 4080 1821 4154 inventurn,

109 4174 201 4244 pratea
214 4187 306 4227 coram
323 4170 374 4225 Deo
389 4173 414 4224 et
431 4168 589 4224 horninibus
604 4169 679 4236 (tur.
696 4187 728 4232 11,
743 4169 801 4242 52).
828 4171 936 4226 Secun·
992 4169 1041 4224 sed
1057 4166 1246 4240 inspiratione
1261 4166 1530 4239 diviuaacceptum,
1543 4166 1596 4222 tibi
1612 4167 1711 4224 subito
1724 4168 1819 4242 propi.

110 4257 833 4330 dumanimdivinitatemtotusmanenspertectus,
844 4276 937 4332 neque
991 4262 1040 4312 not
1055 4255 1174 4312 remedii
1189 4255 1337 4327 poculum.
1354 4256 1435 4311 Mens
1450 4256 1526 4312 enim
1538 4261 1598 4324 tua,
1611 4273 1676 4329 quae
1691 4256 1819 4330 degens·

110 4349 141 4407 ln
157 4366 215 4424 quo
229 4348 382 4423 proficeret
397 4346 519 4413 habens,
533 4345 582 4417 qui
599 4344 640 4401 sio
656 4345 812 4403 sineinitio
827 4347 935 4416 existit,
991 4353 1036 4404 rat
1050 4346 1079 4401 in
1095 4345 1247 4418 stirpibus,
1264 4344 1398 4400 uiatores
1416 4345 1500 4401 odero
1524 4345 1636 4401 tructus
1661 4344 1778 4420 incipit,
1795 4346 1821 4405 si

111 4443 254 4512 utaequa
269 4436 537 4505 deficierido,finem
554 4434 681 4506 aliquem
698 4434 799 4491 haberi
824 4435 934 4508 possit;
989 4435 1145 4491 verborum
1161 4431 1319 4488 caelestium
1343 4449 1500 4505 conspersa
1528 4432 1691 4490 seminibus
1720 4435 1819 4503 suerit,

107 4527 194 4600 juxta
208 4527 431 4592 humanitatem,
449 4541 537 4596 quum
556 4523 596 4578 tui
614 4523 708 4595 gratia
722 4525 842 4596 accepit,
854 4527 938 4598 profi·
952 4548 975 4613 Β
990 4541 1054 4596 qua
1069 4529 1167 4579 tamen
1179 4520 1228 4576 ille
1242 4520 1367 4576 coelestis
1383 4520 1518 4593 agricola,
1541 4521 1597 4576 nisi
1627 4522 1657 4577 iu
1686 4525 1818 4595 quodam

111 4631 176 4673 cere
189 4613 290 4683 voluit,
307 4621 339 4669 ut
354 4613 417 4681 tibi,
434 4614 511 4669 unde
531 4612 670 4683 prolicere
694 4613 825 4680 deberes,
853 4630 935 4669 naon·
990 4630 1075 4669 versu
1091 4612 1147 4681 (99)
1163 4626 1258 4666 serere
1274 4610 1432 4665 eonsnevit.
1449 4610 1523 4665 Audi
1540 4609 1821 4683 deniquebujassa·

111 4706 229 4772 strarat,
242 4702 302 4757 imo
319 4709 350 4757 ut
365 4703 521 4774 proficeres
535 4700 597 4773 ipse
612 4705 774 4772 praestaret.
788 4703 864 4758 Scito
880 4702 935 4758 ita·
990 4702 1077 4759 tionis
1095 4698 1308 4755 iocundissima
1326 4696 1494 4753 ministrum
1507 4715 1513 4754 :
1528 4697 1636 4766 Omnia,
1653 4698 1760 4773 inquit,
1773 4718 1819 4758 ve·

146 4807 203 4882 (96)
224 4808 384 4864 Construe:
414 4812 440 4863 et
467 4808 702 4879 perspicacissime
728 4806 935 4876 damasianae,

111 4882 198 4950 sip-air
212 4884 239 4935 et
252 4879 396 4960 miraculis
411 4879 619 4934 clarescentibus
634 4879 668 4932 nrt
681 4879 818 4934 exaltasse
841 4897 936 4936 aarum

111 4968 234 5023 corpora,
249 4967 279 5005 ae
290 4966 423 5020 occepisse
437 4966 573 5005 coronam.

143 5024 189 5092 97)
206 5021 280 5079 Male
296 5022 324 5075 in
341 5022 418 5094 vulg.
436 5022 556 5091 irrisuro.
581 5020 646 5073 ltlox
674 5024 829 5077 construe:
859 5022 935 5079 Seiae
1023 5022 1077 5083 aba)
1094 5015 1210 5073 Malaia
1227 5014 1352 5088 vulgatis
1367 5019 1444 5073 viavit.
1469 5017 1611 5075 Constans
1626 5022 1744 5074 autem:
1763 5018 1817 5077 Sed

107 5110 243 5220 dett
257 5090 934 5218 ''⁰⁶ll'ld'll‘l'‚tlill‘llllllll‘²⁶l²²l⁶l
988 5100 1013 5174 ·⁰‘
1028 5089 1568 5216 fllttttltlttillailla·tt
1578 5091 1818 5220 Attmmffi

108 5244 163 5291 tem
178 5179 654 5308 afflgia'rlltiattrqoita'aigelilali.Lilaerli
666 5232 737 5304 Pyth
778 5181 930 5304 oraffl,
982 5180 1354 5302 illaiamne,’quantocitius
1369 5231 1450 5298 adsit,
1468 5180 1543 5300 ναμε,
1558 5248 1591 5288 as
1607 5180 1817 5305 rideaturgasaa

96 5323 166 5363 *non
183 5307 258 5380 quod
275 5323 339 5361 earn
356 5306 533 5379 Pythagoras
549 5305 747 5385 irascentes
778 5304 931 5430 puiacum
985 5299 1502 5386 eliquatissima,atadeaplieanrlum
1530 5303 1575 5359 id:
1603 5304 1734 5359 tatianus
1766 5307 1815 5361 ia·

108 5377 173 5451 ipsa
188 5383 326 5434 truncum
343 5378 371 5432 in
384 5379 458 5433 duos
474 5392 572 5432 ramos
587 5377 713 5431 divisum
729 5391 787 5447 pra
800 5380 872 5443 erat,
898 5393 932 5434 aa
986 5380 1055 5448 quat.
1072 5379 1126 5430 etc.

118 1086 200 1145 aaran
213 1069 327 1140 superba
343 1068 498 1138 virainitas.

1082 4833 1178 4881 littera
1194 4831 1348 4895 Pythagorae
1364 4829 1516 4880 discrimine
1533 4835 1604 4880 serta
1619 4831 1722 4881 bicorni

1068 4896 1196 4943 lluumnae
1213 4896 1273 4942 vitra
1288 4894 1402 4955 speciem
1413 4896 1540 4956 praeferre
1556 4895 1669 4943 videtur.
1685 4900 1735 4944 etc.

107 5448 448 5523 utebaturi’ythagd'raa,
465 5453 497 5504 ut
527 5446 678 5529 bicipitem⁸
703 5444 839 5503 humanae
866 5447 930 5504 vitra
1021 5447 1078 5528 (illl)
1096 5447 1189 5523 l'eraas
1205 5457 1256 5522 pra
1272 5439 1386 5525 sulcata
1409 5445 1506 5517 probas
1534 5449 1609 5501 notas
1639 5443 1815 5527 auctoribus

107 5518 210 5582 callem
224 5519 294 5582 hinc
309 5519 339 5579 iu
354 5520 486 5584 virtutes.
502 5517 570 5576 hinc
585 5535 615 5575 an
629 5517 700 5574 viua
713 5516 932 5581 tendentemre·
986 5522 1136 5592 accipitur.
1152 5513 1203 5596 Sic
1215 5511 1331 5596 Plinius·
1345 5513 1395 5572 hb.
1420 5532 1502 5587 arrii,
1517 5532 1542 5576 a.
1571 5515 1616 5588 ts,
1644 5531 1677 5574 aa
1704 5517 1814 5583 arando

105 5597 296 5677 praeoptaret
307 5610 314 5669 ;
327 5592 405 5657 unda
418 5592 449 5656 ia
465 5589 580 5672 Virgilii
594 5586 781 5671 poematibus
792 5606 800 5658 a
984 5605 1094 5653 versam
1105 5589 1356 5668 manuscripta.
