3876 6084
53 288 108 356 ”l
518 288 842 370 PRAELOOUIORUM
864 288 969 356 eluat
992 290 1076 356 SEX.
1092 325 1133 342 -
1151 294 1224 358 utu.
1247 292 1301 360 lll.
1703 294 1761 359 222

56 426 200 487 discimus
215 428 266 488 Del
278 427 444 506 specialiter
457 430 552 488 vorari
573 428 737 498 inimicum,
749 426 799 503 qui
811 444 880 486 sua·
894 427 923 496 A
937 428 1049 486 nescire
1059 426 1205 486 virtutes?
1219 428 1400 488 Dessuiamus
1415 427 1505 505 igitur
1520 445 1584 503 qua
1599 428 1658 487 sint
1678 430 1759 504 ipsa,

57 517 143 576 deute
165 519 351 594 suaviloquio
367 539 419 594 per
434 518 635 592 falsiloquium
662 515 770 591 decipit
786 518 882 592 proxi·
936 521 965 575 et
980 517 1044 576 luce
1069 518 1268 594 fulgurantius
1293 519 1418 593 parebit,
1434 518 1505 592 quld
1531 538 1588 576 non
1605 520 1665 576 sint
1679 520 1759 593 ipsae.

56 625 150 678 mum,
166 613 219 664 aut
233 611 379 683 possessis
391 611 446 666 bae
461 627 529 666 cum
542 608 730 666 simulatione
740 608 881 680 spolians,
937 608 1057 665 Justitia
1073 611 1126 676 ast,
1143 614 1175 666 ut
1186 612 1248 681 jam
1265 627 1281 665 a
1297 610 1460 679 majoribus
1475 613 1519 666 est
1533 609 1763 677 diffinitum,ba·

56 702 115 764 sut,
130 697 210 770 quod
224 701 309 772 pejus
324 704 378 765 est,
395 699 532 755 eumdem
549 696 764 770 ipsum1perf1di
786 697 882 770 prodi·
937 698 1017 752 bitus
1033 696 1123 752 animi
1140 714 1192 769 pro
1208 698 1358 753 communi
1374 698 1500 753 utilitate
1517 703 1659 766 servatus,
1676 715 1761 754 suam

57 787 129 842 toris
151 787 287 860 exemplo
312 785 467 862 sugillans,
489 789 575 859 juxta
596 786 688 841 illud:
712 788 742 842 ln
765 802 811 842 ore
834 802 883 842 suo
938 786 1045 858 cuique
1060 786 1192 843 tribuens
1206 786 1400 861 dignitatem;
1425 788 1501 842 unde
1518 787 1634 859 proprie
1646 788 1764 859 justitia

53 891 151 948 pmcne
165 891 230 931 cam
252 878 340 934 arnico
356 877 487 949 loquitur,
503 884 529 932 et
552 878 580 930 iu
596 877 700 931 occuito
711 877 790 947 periit
805 877 832 930 ei
843 877 884 930 in·
938 873 1055 939 dicitur,
1068 875 1151 947 quasi
1158 876 1234 946 juris
1244 883 1326 931 sotus.
1339 876 1393 931 Jus
1404 880 1502 930 autam
1514 881 1559 931 est
1570 876 1687 949 propria
1697 876 1742 931 lex
1757 896 1763 946 ;

55 964 142 1020 sidios
154 965 265 1036 (larem.
282 982 321 1030 rx,
334 966 372 1036 8).
390 965 575 1032 Etdicentes,
587 969 659 1030 Pac,
669 981 736 1035 pne,
752 981 814 1020 curn
828 981 884 1020 non
939 968 967 1019 et
978 964 1079 1034 justus
1094 964 1143 1036 qui
1156 964 1217 1034 jus,
1234 964 1262 1019 id
1280 969 1333 1029 est,
1351 964 1498 1036 proprium
1515 963 1762 1036 legem,custodit,

55 1058 122 1110 esset
134 1070 195 1124 pau
220 1055 329 1122 (terem.
343 1071 382 1120 vr,
408 1054 472 1122 14);
489 1057 535 1109 et:
553 1053 607 1108 Sub
624 1054 720 1124 linquo
735 1055 793 1125 ejus
808 1053 885 1109 tader
938 1051 982 1108 vel
999 1052 1048 1124 qui
1064 1052 1141 1124 quod
1158 1053 1308 1124 proprium
1324 1057 1368 1107 est
1384 1052 1541 1124 unicuique
1563 1053 1717 1126 impendit,
1732 1058 1764 1110 ut

55 1152 81 1199 et
102 1141 192 1208 dolor,
219 1142 292 1198 sedet
316 1145 346 1197 in
360 1142 470 1198 insidiis
484 1159 546 1196 com
560 1141 693 1197 divitibus
717 1144 747 1196 in
761 1143 882 1209 occultis,
939 1140 1011 1196 illud
1027 1140 1161 1196 Domini:
1178 1141 1289 1196 Reddite
1304 1156 1367 1212 quae
1380 1149 1445 1196 sunt
1460 1141 1573 1196 Caesaris
1594 1143 1709 1209 Coesari,
1739 1147 1764 1199 et

55 1239 86 1287 ut
101 1232 253 1301 tabefieiot
267 1233 437 1287 innocentem
452 1231 537 1303 (Psat.
554 1248 581 1298 x,
605 1233 632 1299 7,
651 1232 689 1302 8).
714 1234 747 1285 nt
761 1229 885 1303 quibus·
940 1246 999 1304 quae
1022 1234 1086 1284 sarit
1110 1231 1159 1284 flet
1182 1230 1234 1285 Deo
1256 1228 1360 1301 (llattlr.
1377 1229 1519 1299 xx11,2l).
1548 1229 1706 1286 Prudentia
1721 1237 1765 1287 est

54 1321 127 1376 dam
150 1319 326 1376 intermistis
351 1319 502 1392 aliquanto
526 1323 592 1392 post
614 1335 620 1373 :
645 1318 809 1384 Insidiator,
833 1318 884 1387 ait,
939 1333 1038 1372 rerum
1055 1317 1198 1373 bonarum
1224 1315 1403 1372 malarumve
1426 1332 1512 1371 verax
1527 1317 1660 1372 scientia.
1676 1319 1761 1374 Tem·

54 1414 86 1464 ut
102 1411 196 1481 rapiat
208 1425 369 1482 pauperem,
392 1424 489 1480 rapere
510 1425 672 1480 pauperum,
689 1408 754 1464 dum
773 1408 887 1463 attrahit
941 1406 1074 1479 perantia
1085 1411 1130 1461 est
1141 1407 1296 1461 adversum
1307 1404 1454 1471 libidines,
1467 1405 1661 1477 aliosqucnon
1671 1413 1765 1465 rectos

55 1513 120 1553 eum
134 1496 230 1566 (totu,
245 1496 273 1568 9)
286 1515 293 1564 ;
309 1497 380 1552 item
395 1495 472 1552 alios
487 1497 585 1553 llottiti
600 1500 665 1552 sont
679 1512 816 1552 sermones
831 1497 887 1567 ejus
941 1494 1069 1565 impetus
1084 1493 1184 1560 animi,
1202 1495 1288 1548 firma
1302 1499 1330 1549 et
1346 1494 1496 1549 moderata
1511 1494 1682 1552 dominatio.
1701 1497 1765 1553 Hac

55 1601 142 1657 super
154 1584 258 1652 obrem,
273 1593 299 1640 et
315 1587 368 1657 ipsi
381 1594 445 1641 sunt
456 1585 553 1656 jacula
569 1586 655 1653 (Psoi.
672 1601 727 1652 arv,
743 1584 789 1652 22)
803 1602 810 1652 3
824 1600 887 1656 spe·
941 1588 969 1639 et
985 1583 1129 1638 modestia
1142 1588 1269 1647 vocatur,
1295 1583 1446 1654 quiscum
1465 1583 1550 1638 modo
1566 1583 1610 1638 vel
1626 1601 1765 1642 mensura

57 1674 194 1748 eieruque
211 1674 248 1730 ad
273 1690 367 1748 genus
381 1691 461 1730 more
482 1675 589 1729 usitato
605 1674 798 1738 transferens,
815 1690 887 1744 prae-
942 1670 1041 1726 omnia
1056 1671 1124 1743 agit,
1144 1670 1293 1727 Fortitudo
1308 1675 1353 1726 est
1369 1671 1552 1726 censiderata
1567 1670 1764 1744 periculorum

56 1762 216 1834 tutumque
227 1763 364 1833 ,debitum
381 1779 541 1835 promens:
556 1763 593 1818 Tu
606 1778 671 1818 vero
687 1762 792 1834 inquit,
808 1762 887 1828 Deus,
903 1793 928 1860 B
943 1760 1101 1832 susceptio,
1118 1763 1146 1814 et
1161 1758 1295 1814 laborum
1313 1759 1398 1814 firma
1408 1759 1567 1831 perpessio.
1580 1760 1627 1816 Ha
1640 1766 1766 1833 quatuor
1870 1773 1876 1784 ·

57 1851 174 1909 deduces
188 1868 234 1908 eos
249 1854 279 1907 in
293 1860 405 1924 pomum
421 1853 565 1908 interritus
582 1850 675 1922 (leid,
689 1852 746 1922 24).
762 1851 817 1906 tob
833 1868 887 1905 uu·
943 1849 984 1904 ita
1000 1846 1110 1919 regales
1127 1846 1242 1920 proprie
1257 1853 1418 1903 noscuntur
1429 1863 1493 1903 csse
1506 1848 1639 1919 virtutes,
1652 1855 1684 1905 ul
1697 1868 1765 1907 cum

58 1943 121 1996 tem
136 1945 220 1996 tanto
245 1939 414 2006 terribilius,
431 1943 541 2012 quanto
557 1939 744 2012 expressius:
770 1939 888 1995 Simalo·
942 1937 990 1994 bis
1019 1935 1142 2008 quilibet
1167 1936 1255 1992 ctiam
1285 1937 1423 2005 rusticus,
1453 1954 1502 1993 rex
1526 1954 1582 1992 non
1606 1939 1766 2012 incongrue

59 2034 132 2086 tores
147 2037 173 2084 ct
185 2029 293 2096 cuttidi,
306 2029 410 2101 inquit,
424 2033 571 2102 provocant
582 2029 655 2083 iram
664 2030 714 2084 Dei
724 2030 887 2101 (tobxxxvr,
943 2025 1000 2081 dici
1013 2044 1019 2093 ;
1032 2026 1095 2081 sine
1105 2025 1160 2098 gis,
1173 2042 1224 2081 nec
1235 2024 1297 2097 ipsc
1308 2025 1475 2081 universam
1484 2043 1556 2099 pene
1565 2028 1766 2085 monarchiam

61 2118 119 2187 13).
136 2118 191 2175 Ubi
208 2118 369 2174 notandum
386 2118 463 2191 quod
480 2134 537 2172 non
555 2125 704 2185 mereator,
722 2117 771 2172 sed
792 2132 889 2188 prouo-
944 2115 1080 2171 obtinens
1096 2115 1384 2187 mundi,quanquam
1400 2115 1530 2181 abusive,
1543 2117 1767 2191 rexvaletjuste

61 2211 137 2275 emat,
156 2210 188 2262 ut
203 2205 400 2279 aliquid(l29)
416 2205 606 2261 formidosius
622 2205 718 2260 inesse
732 2204 889 2277 intelliges,
943 2204 1058 2260 vocari:
1084 2203 1158 2259 niele
1182 2203 1260 2259 enim
1285 2204 1468 2276 imperando,
1485 2209 1518 2259 ut
1541 2205 1582 2260 alt
1597 2206 1647 2277 qui
1662 2224 1762 2279 supra,

62 2294 144 2351 dixit.
168 2293 337 2352 Verendum
360 2299 469 2363 autem,
496 2311 533 2350 na
558 2296 730 2366 provocetur
753 2294 836 2361 adeo,
858 2298 891 2349 ut
945 2310 1095 2349 summum
1109 2293 1266 2364 imperium
1282 2292 1588 2356 amittitur.t]uantum
1605 2299 1702 2350 autem
1720 2296 1766 2352 bis

65 2385 204 2441 resistere
218 2384 245 2441 ei
259 2383 354 2441 valeat
366 2400 462 2452 nemo,
479 2401 515 2440 nc
530 2384 655 2449 dicatur,
672 2384 734 2439 Viuo
748 2383 890 2453 erpodicit
944 2381 1068 2448 amiciri,
1094 2398 1152 2437 non
1176 2379 1272 2436 solum
1289 2380 1418 2453 regibus,
1445 2381 1494 2436 sed
1516 2380 1603 2436 ctiam
1619 2383 1766 2439 ommibus

63 2474 206 2542 Dominus,
223 2475 290 2546 qnia
304 2488 359 2529 uon
373 2473 534 2544 expiabitur
548 2473 682 2543 iniquitas
698 2471 757 2527 taec
771 2472 891 2527 uictimis
945 2471 1037 2543 prosit
1051 2470 1230 2535 hominibus,
1247 2473 1371 2524 testatur
1385 2468 1485 2524 dicens
1501 2469 1530 2523 in
1547 2470 1695 2540 sapientias
1706 2469 1769 2527 lau-

61 2563 264 2619 etmunerttus
286 2564 416 2633 usquein
436 2560 807 2632 sempiternamttltep.1n,
835 2560 889 2625 tl).
945 2560 1051 2614 dibus:
1076 2559 1255 2614 sobrietatem
1279 2558 1365 2620 enim,
1390 2560 1415 2610 et
1439 2556 1603 2626 sapieniam
1626 2556 1708 2624 docet,
1742 2563 1768 2613 et

97 2653 123 2709 t.
141 2653 236 2718 Onam
259 2650 368 2706 foedum
395 2654 493 2705 autem
520 2648 640 2705 cuilibet
654 2648 709 2703 hoc
734 2649 772 2702 sit
787 2647 890 2703 vitium
939 2650 1089 2721 justitiam,
1115 2655 1140 2701 et
1162 2647 1288 2700 uirtutem
1304 2645 1402 2717 qm'tas
1417 2645 1459 2699 nit
1474 2644 1573 2702 utilius
1589 2646 1617 2699 in
1631 2653 1705 2701 terra
1728 2656 1768 2703 est

64 2741 170 2798 sectari
186 2739 364 2807 Christiano,
380 2739 468 2795 etiam
496 2738 684 2809 antiquorum
709 2740 893 2794 monstretur
945 2734 1191 2806 tomitiitruidap.
1208 2735 1330 2805 v111,7):
1356 2732 1405 2788 ubi
1430 2733 1602 2789 sobrietatem
1622 2739 1767 2808 tempera-

64 2827 209 2902 cxemplo,
225 2829 275 2900 qui
292 2845 350 2883 non
365 2827 463 2883 divino
487 2827 601 2893 timore,
629 2826 679 2880 sed
696 2824 823 2880 naturali
841 2826 891 2880 bo·
945 2826 1029 2891 tiam,
1044 2824 1209 2897 sapieniam
1223 2839 1287 2878 esse
1303 2839 1392 2894 quem
1408 2827 1436 2877 et
1450 2839 1503 2878 nos
1527 2822 1680 2895 posuimus
1695 2841 1769 2896 pru·

64 2913 892 2987 nestatisamore‚def1nieruntturpemomnemdoloquae-
945 2913 1087 2981 dentiam,
1101 2914 1229 2966 vinalem
1243 2909 1455 2976 tortitudinem,
1472 2909 1599 2982 diligens
1615 2907 1704 2967 lector
1724 2914 1769 2968 at·

63 3006 151 3063 sitam
160 3005 313 3061 victoriam
330 3004 401 3060 fore.
419 3004 537 3059 Insania
553 3004 726 3074 itiquoque
737 3002 891 3074 impatien·
945 3003 1056 3058 tendat.
1069 3002 1173 3056 Beatus
1183 3005 1281 3055 aulem
1293 3000 1339 3054 cui
1351 2998 1476 3054 dicitur:
1493 3000 1624 3055 (tinnitus
1635 3001 1679 3056 tis
1695 3001 1769 3058 uelut

63 3095 108 3152 tis
123 3094 267 3151 foriitudo
281 3092 344 3148 vult
357 3109 434 3165 sape
449 3108 550 3165 parere
566 3091 606 3163 [id
618 3091 812 3162 ostapparere]
822 3109 828 3157 ;
838 3092 892 3146 for·
945 3089 1250 3148 vestimentisinduerts.

63 3189 121 3241 mm
148 3182 229 3240 euim
249 3199 280 3238 se
304 3181 427 3254 quisque
452 3180 545 3236 ambit
559 3180 661 3247 videri,
679 3196 746 3235 cum
763 3161 927 3252 percutitG
1103 3179 1163 3235 Tm.
1180 3177 1228 3233 lll.
1245 3209 1278 3216 —
1296 3177 1367 3232 Vitia
1381 3193 1437 3233 noa
1454 3175 1610 3249 palliando.

65 3289 176 3346 pugno,
193 3271 288 3328 nctus
302 3269 442 3325 convicio.
459 3269 515 3326 Sed
531 3267 655 3324 stultum
672 3272 726 3335 est,
742 3274 775 3323 ut
788 3268 828 3324 ait
841 3287 890 3342 pe·
980 3273 1007 3326 6.
1023 3269 1072 3324 llis
1096 3268 1137 3323 ita
1160 3285 1217 3322 non
1242 3265 1502 3334 inconsideranter,
1528 3271 1560 3322 ut
1584 3269 1678 3337 credo,
1695 3286 1767 3341 pra·

65 3361 277 3419 uilissimorum
294 3358 425 3432 quidam,
442 3357 593 3414 hominem
610 3357 719 3412 victum
735 3358 890 3414 fortemdi·
942 3358 1039 3431 jactis,
1066 3374 1144 3413 nuuc
1169 3356 1192 3411 si
1219 3372 1277 3427 qua
1301 3360 1371 3410 sunt
1387 3355 1520 3422 dicenda,
1536 3355 1577 3411 ita
1590 3358 1717 3429 recipcre
1733 3376 1768 3415 ne

65 3467 138 3507 ecre.
154 3448 316 3507 Sciendum
332 3448 420 3504 etiam
435 3445 621 3519 phreneticos
637 3445 703 3519 plus
729 3446 809 3501 sanis
825 3463 891 3519 per·
946 3451 1118 3520 aspernetur
1139 3444 1302 3516 amplitudo
1327 3448 1387 3511 tua,
1404 3448 1437 3498 ut
1460 3444 1530 3500 dum
1547 3451 1647 3517 aperta
1661 3446 1769 3502 fuerint

65 3556 142 3612 saepe
164 3537 279 3594 viribus
293 3552 389 3609 posse.
405 3535 517 3601 Virtus,
530 3535 616 3606 juxta
630 3535 839 3606 Augustinunr,
857 3552 890 3591 co
945 3536 996 3591 diu
1021 3534 1142 3590 forsitan
1167 3533 1310 3605 ignorata,
1332 3532 1516 3604 corrigantur
1539 3532 1679 3606 neglecta.
1707 3535 1767 3590 Pri-

65 3627 159 3701 pluris
174 3625 357 3690 aestimanda,
374 3640 433 3696 quo
449 3621 891 3706 pluracontemuit.Crudelitas
945 3641 1028 3680 mum
1052 3625 1150 3695 itaque
1181 3637 1249 3693 rogo
1274 3626 1312 3686 te,
1338 3637 1374 3676 ne
1405 3621 1485 3692 ipsas
1518 3622 1663 3693 quomodo
1697 3621 1767 3679 velis

64 3731 184 3788 quoque
196 3713 366 3787 impietatis,
374 3711 473 3785 etipsa
483 3711 604 3768 ambitio
620 3711 832 3771 ardentissima
844 3730 891 3768 cu·
946 3714 1120 3786 degenerare
1133 3709 1264 3775 virtutes,
1282 3714 1480 3782 praetextuque
1495 3709 1619 3765 aliarum
1631 3728 1769 3783 quarum·

65 3803 185 3878 pidatis‚
208 3803 374 3875 tropheum
397 3802 535 3857 invadere
568 3799 722 3872 aliquoties
756 3800 892 3857 nituntur
944 3801 1204 3865 libctssflrcrum,
1232 3799 1617 3871 quaefortesuntdissonae,
1636 3798 1767 3873 palliare.

65 3891 234 3965 equitatis3
248 3889 459 3947 videlicetcum
472 3888 538 3963 quis
554 3888 696 3945 satisfacit
710 3889 892 3962 irae,etputat
945 3891 1012 3946 Esto
1028 3889 1092 3945 dico
1108 3889 1247 3961 prudens,
1264 3905 1321 3942 non
1333 3886 1476 3956 callidus;
1493 3888 1627 3960 quumvis
1642 3892 1671 3945 et
1686 3889 1768 3945 calli·

63 3997 95 4038 se
117 3979 228 4038 servire
247 3979 380 4050 justitia,
405 3982 457 4035 aut
480 3978 595 4034 etiamsi
616 3979 733 4048 justum
749 3978 786 4033 sit
808 3981 887 4050 quod
944 3979 1045 4035 ditatis
1061 3979 1177 4034 nornine
1193 3975 1533 4049 prudentiasrepesoleat
1547 3977 1767 4051 intelligiutest

68 4069 142 4143 agit,
157 4070 292 4141 quaemus
306 4065 380 4123 illud
395 4066 491 4141 gratia
505 4065 583 4132 facit,
596 4065 890 4123 centrainterdictum
945 4068 1017 4125 illud
1030 4084 1036 4124 ε
1050 4067 1150 4123 Callisti
1164 4071 1202 4123 est
1215 4067 1370 4136 intcttiqere
1379 4069 1453 4122 aiom
1462 4083 1541 4122 soom
1553 4068 1643 4139 (Pron.
1656 4069 1766 4139 xrv,.8),

66 4156 160 4224 illius,
183 4153 238 4230 qui
258 4155 390 4229 precipit
412 4156 532 4212 diceus:
553 4157 628 4212 toste
642 4154 712 4227 quod
723 4156 830 4227 justam
852 4161 891 4212 cst
946 4157 1100 4223 tertianas
1112 4155 1257 4226 superbus
1270 4173 1276 4222 3
1289 4160 1480 4227 temperatus,
1494 4172 1551 4211 non
1564 4155 1647 4211 deses
1658 4161 1709 4212 aut
1723 4174 1767 4213 re·

66 4245 226 4317 moreris
241 4244 330 4312 (neca
347 4260 405 4314 xvr,
420 4244 475 4311 20).
493 4243 612 4301 Desidia
627 4242 715 4299 etism
729 4248 892 4316 temperan-
945 4246 1055 4302 missus
1068 4246 1195 4316 ;justus,
1207 4261 1264 4298 non
1276 4243 1415 4311 crudelis,
1426 4243 1542 4299 Honora
1553 4244 1651 4315 ltaque
1662 4244 1766 4312 Deum,

64 4333 107 4389 tia
120 4331 186 4390 vult
210 4347 435 4404 nonnumquam
458 4330 568 4397 videri;
586 4330 720 4387 videlicet
734 4348 802 4388 cum
817 4334 888 4404 quid
945 4349 1012 4408 rege
1027 4334 1155 4407 primunr
1171 4333 1310 4403 teipsum,
1327 4333 1385 4387 imo
1401 4331 1456 4403 ipsi
1473 4331 1578 4387 rectori
1593 4333 1768 4388 commenda

64 4420 283 4497 pmeipitanter
298 4435 384 4493 agere
400 4421 538 4487 vitamus,
562 4419 612 4475 sed
627 4418 657 4474 id
678 4421 821 4476 moderari
840 4438 892 4493 per
944 4424 1084 4494 teipsum.
1101 4420 1173 4475 Vide
1188 4438 1251 4491 qua
1267 4420 1499 4491 arboresmajori
1516 4418 1646 4490 impulsu
1658 4422 1768 4493 agitau-

63 4510 272 4567 discretionem
282 4507 447 4577 nescimus;
459 4524 493 4564 ea
502 4507 590 4564 etiam
601 4525 664 4580 quas
675 4509 887 4581 agendaerant,
904 4522 926 4587 Β
942 4515 991 4566 tur
1004 4515 1155 4565 ventorum
1169 4527 1175 4573 ;
1192 4507 1355 4575 considera,
1371 4525 1435 4579 que
1449 4507 1567 4580 gravius
1578 4509 1765 4564 ruuntadifr·

63 4598 165 4655 minas
189 4597 313 4671 providi,
329 4596 475 4653 desidiose
490 4597 587 4652 inacta
599 4594 640 4669 [ed
654 4600 695 4652 cst
710 4596 827 4669 infecta]
843 4599 888 4654 di·
942 4599 996 4667 cia,
1011 4603 1040 4653 et
1054 4615 1089 4653 ne
1104 4595 1176 4651 illud
1192 4598 1336 4662 incurras,
1353 4595 1422 4667 quia
1431 4595 1572 4668 judicium
1585 4595 1764 4653 durissimum

62 4685 223 4751 mittimus,
238 4685 369 4756 dumque
377 4684 483 4740 vitium
498 4684 780 4752 metuimus,vitium
794 4686 889 4743 incur·

62 4774 169 4831 fimus.
185 4774 268 4846 sirpe
282 4773 787 4844 euim,cumquismoderarinltitur
802 4775 886 4842 iram,

63 4861 190 4919 incurrit
204 4860 432 4935 negligentiam;
449 4877 517 4916 cum
543 4860 716 4934 plerumque
739 4862 809 4918 vitia
830 4881 887 4920 non

63 4965 208 5017 coercere,
223 4950 346 5023 majoris
358 4951 400 5007 sit
414 4949 547 5006 criminis
562 4967 651 5023 quam
664 4949 775 5020 ulcisci,
798 4957 826 5008 et
838 4953 888 5009 de·

63 5038 248 5111 linquentem
264 5037 409 5112 negligere
422 5055 481 5096 uon
497 5039 596 5094 minus
612 5038 659 5107 sit,
674 5055 762 5110 quam
779 5040 886 5099 odisse.

64 5126 228 5200 Aliquoties
253 5126 313 5183 doli
328 5125 453 5200 Scyllam
476 5125 742 5193 caventes,stulitia
761 5128 887 5185 incurri·

64 5231 134 5273 mus
144 5215 245 5289 Syrtes
256 5233 264 5285 ;
275 5214 389 5271 fortiter
402 5231 529 5288 persaepe
544 5215 729 5287 exsequenda
750 5216 886 5286 vitantes,

62 5304 197 5378 segnities
206 5304 282 5361 vitio
297 5304 441 5360 servimus
458 5309 614 5375 torpentes.

97 5394 124 5450 5.
141 5392 251 5451 Verum
267 5393 339 5466 quid
354 5393 548 5449 affertearum
564 5409 739 5466 cognoscere
755 5395 885 5465 amulas,

61 5482 89 5539 si
104 5483 267 5555 contingat,
283 5484 313 5537 et
326 5481 397 5553 ipsae
413 5497 476 5552 qua
499 5479 568 5549 sint,
589 5481 676 5536 certis
693 5481 808 5538 indiciis
822 5500 887 5555 per·

943 4689 972 4743 in
987 4688 1030 4742 tiis
1045 4687 1093 4759 qui
1105 4689 1226 4757 istasunt
1241 4684 1315 4756 (Sap.
1332 4701 1369 4750 vr,
1385 4684 1431 4755 6),
1448 4690 1486 4751 et,
1502 4693 1622 4756 potentes
1641 4691 1766 4757 potenter

942 4781 1080 4833 tormenta
1101 4772 1347 4845 posteritasque,
1364 4773 1412 4844 7);
1435 4779 1474 4843 ct,
1498 4776 1659 4845 fortioribus
1674 4777 1764 4848 major

943 4867 1026 4922 instat
1040 4864 1180 4919 cruciatus
1195 4861 1286 4931 (ibid,
1295 4862 1334 4931 9).
1346 4860 1527 4934 Amplectere
1538 4862 1766 4936 sollicitus,quia

944 4955 1016 5010 droti
1035 4950 1232 5019 misericordes,
1256 4952 1387 5022 quioniam
1402 4953 1456 5022 ipsi
1470 4953 1685 5008 miscricordiam
1698 4969 1764 5009 con-

941 5046 1089 5115 sequentur
1103 5041 1206 5112 (stadt.
1224 5056 1249 5108 o,
1264 5042 1311 5108 7);
1328 5045 1360 5095 ut
1379 5040 1467 5096 simul
1483 5041 1580 5112 possis
1595 5040 1714 5097 evadere
1731 5040 1765 5096 ll·

942 5131 992 5187 lud
1008 5129 1221 5203 quiajudieium
1233 5130 1293 5183 sitta
1307 5128 1502 5185 misericordia
1516 5130 1558 5184 tris
1572 5131 1622 5201 qui
1636 5147 1691 5185 non
1715 5132 1765 5186 ta-

943 5220 1005 5276 bent
1020 5217 1237 5273 inisericordiam
1252 5219 1319 5285 (dac.
1336 5233 1366 5282 n,
1382 5217 1426 5285 13)
1439 5235 1445 5284 ;
1463 5223 1491 5273 et
1506 5217 1679 5291 intelligere,
1696 5219 1766 5290 quia

942 5308 1042 5364 nullus
1057 5307 1156 5373 miser,
1180 5305 1235 5360 nisi
1252 5305 1301 5377 qui
1324 5304 1453 5361 misereri
1470 5306 1606 5362 uoluerit.
1623 5307 1659 5362 Et
1672 5323 1708 5362 nc
1721 5307 1765 5362 for

941 5403 1000 5454 tem
1016 5403 1044 5452 te
1060 5401 1154 5469 putes,
1171 5410 1237 5449 eum
1255 5393 1382 5466 percutis
1398 5394 1504 5466 gladio,
1515 5397 1610 5451 victus
1619 5395 1699 5461 vitio,
1712 5412 1764 5452 nec

942 5485 1069 5543 multum
1085 5482 1200 5549 lateris,
1227 5498 1292 5537 cum
1309 5482 1437 5555 plurima
1458 5484 1510 5540 tibi
1527 5483 1668 5556 subjicie3
1694 5483 1763 5539 audi

96 5588 171 5662 (129)
183 5588 352 5662 tegendum
368 5587 490 5647 forsitan
505 5591 534 5644 et
544 5588 747 5658 formidolosius
762 5607 778 5647 a
787 5591 988 5662 [omnidotosas.
