<?xml version="1.0" encoding="UTF-8"?>
<!DOCTYPE html PUBLIC "-//W3C//DTD XHTML 1.0 Transitional//EN"
    "http://www.w3.org/TR/xhtml1/DTD/xhtml1-transitional.dtd">
<html xmlns="http://www.w3.org/1999/xhtml" xml:lang="en" lang="en">
 <head>
  <title>
</title>
<meta http-equiv="Content-Type" content="text/html;charset=utf-8" />
  <meta name='ocr-system' content='tesseract 3.04.00' />
  <meta name='ocr-capabilities' content='ocr_page ocr_carea ocr_par ocr_line ocrx_word'/>
</head>
<body>
  <div class='ocr_page' id='page_1' title='image "./patrologiaecurs89unkngoog_0303.png"; bbox 0 0 3892 6090; ppageno 0'>
   <div class='ocr_carea' id='block_1_1' title="bbox 168 206 1880 317">
    <p class='ocr_par' dir='ltr' id='par_1_1' title="bbox 168 206 1880 317">
     <span class='ocr_line' id='line_1_1' title="bbox 168 206 1880 317; baseline -0.004 0"><span class='ocrx_word' id='word_1_1' title='bbox 168 258 227 317; x_wconf 79' lang='lat' dir='ltr'><strong>sse</strong></span> <span class='ocrx_word' id='word_1_2' title='bbox 281 206 288 219; x_wconf 53' lang='grc'><em>“</em></span> <span class='ocrx_word' id='word_1_3' title='bbox 631 251 821 317; x_wconf 81' lang='lat' dir='ltr'><strong>naruneo</strong></span> <span class='ocrx_word' id='word_1_4' title='bbox 842 249 964 315; x_wconf 78' lang='lat' dir='ltr'><strong>serso.</strong></span> <span class='ocrx_word' id='word_1_5' title='bbox 988 246 1134 312; x_wconf 79' lang='lat' dir='ltr'><strong>aenou.</strong></span> <span class='ocrx_word' id='word_1_6' title='bbox 1158 249 1245 315; x_wconf 81' lang='lat' dir='ltr'><strong>our.</strong></span> <span class='ocrx_word' id='word_1_7' title='bbox 1269 246 1370 316; x_wconf 78' lang='lat' dir='ltr'><strong>raes</strong></span> <span class='ocrx_word' id='word_1_8' title='bbox 1391 248 1417 315; x_wconf 91' lang='lat'><strong>1.</strong></span> <span class='ocrx_word' id='word_1_9' title='bbox 1816 244 1880 313; x_wconf 81' lang='lat' dir='ltr'><strong>ssa</strong></span> 
     </span>
    </p>
   </div>
   <div class='ocr_carea' id='block_1_2' title="bbox 167 383 1937 4268">
    <p class='ocr_par' dir='ltr' id='par_1_2' title="bbox 167 383 1887 1254">
     <span class='ocr_line' id='line_1_2' title="bbox 170 383 1884 462; baseline -0.005 -15"><span class='ocrx_word' id='word_1_10' title='bbox 170 396 227 448; x_wconf 87' lang='lat' dir='ltr'><strong>tem</strong></span> <span class='ocrx_word' id='word_1_11' title='bbox 244 391 303 454; x_wconf 84' lang='lat' dir='ltr'><strong>Dei,</strong></span> <span class='ocrx_word' id='word_1_12' title='bbox 319 387 431 446; x_wconf 85' lang='lat' dir='ltr'><strong>trifarie</strong></span> <span class='ocrx_word' id='word_1_13' title='bbox 445 404 549 462; x_wconf 92' lang='lat' dir='ltr'><strong>parare</strong></span> <span class='ocrx_word' id='word_1_14' title='bbox 569 388 738 444; x_wconf 76' lang='lat' dir='ltr'><strong>memoriter</strong></span> <span class='ocrx_word' id='word_1_15' title='bbox 753 385 907 449; x_wconf 76' lang='lat' dir='ltr'><strong>festinetis,</strong></span> <span class='ocrx_word' id='word_1_16' title='bbox 920 383 994 451; x_wconf 74' lang='grc' dir='ltr'><strong>(εαὺ-</strong></span> <span class='ocrx_word' id='word_1_17' title='bbox 1008 383 1037 448; x_wconf 75' lang='lat' dir='ltr'><strong>A</strong></span> <span class='ocrx_word' id='word_1_18' title='bbox 1051 384 1086 439; x_wconf 89' lang='lat' dir='ltr'><strong>de</strong></span> <span class='ocrx_word' id='word_1_19' title='bbox 1100 384 1232 457; x_wconf 80' lang='lat' dir='ltr'><strong>AEgypto,</strong></span> <span class='ocrx_word' id='word_1_20' title='bbox 1246 385 1273 440; x_wconf 91' lang='lat' dir='ltr'><strong>id</strong></span> <span class='ocrx_word' id='word_1_21' title='bbox 1291 390 1345 452; x_wconf 89' lang='lat' dir='ltr'><strong>est,</strong></span> <span class='ocrx_word' id='word_1_22' title='bbox 1358 384 1471 441; x_wconf 81' lang='lat' dir='ltr'><strong>interno</strong></span> <span class='ocrx_word' id='word_1_23' title='bbox 1486 400 1669 454; x_wconf 89' lang='lat' dir='ltr'><strong>erueremur;</strong></span> <span class='ocrx_word' id='word_1_24' title='bbox 1685 389 1715 440; x_wconf 89' lang='lat' dir='ltr'><strong>et</strong></span> <span class='ocrx_word' id='word_1_25' title='bbox 1728 399 1782 457; x_wconf 92' lang='lat' dir='ltr'><strong>per</strong></span> <span class='ocrx_word' id='word_1_26' title='bbox 1796 400 1884 440; x_wconf 90' lang='lat' dir='ltr'><strong>mare</strong></span> 
     </span>
     <span class='ocr_line' id='line_1_3' title="bbox 167 471 1884 550; baseline -0.005 -15"><span class='ocrx_word' id='word_1_27' title='bbox 167 480 235 535; x_wconf 85' lang='lat' dir='ltr'><strong>audi</strong></span> <span class='ocrx_word' id='word_1_28' title='bbox 252 479 342 546; x_wconf 85' lang='lat' dir='ltr'><strong>illam]</strong></span> <span class='ocrx_word' id='word_1_29' title='bbox 358 479 413 535; x_wconf 92' lang='lat' dir='ltr'><strong>hoc</strong></span> <span class='ocrx_word' id='word_1_30' title='bbox 433 483 487 548; x_wconf 88' lang='lat' dir='ltr'><strong>cst,</strong></span> <span class='ocrx_word' id='word_1_31' title='bbox 504 478 665 535; x_wconf 87' lang='lat' dir='ltr'><strong>secundum</strong></span> <span class='ocrx_word' id='word_1_32' title='bbox 684 475 861 550; x_wconf 82' lang='lat' dir='ltr'><strong>symbolum,</strong></span> <span class='ocrx_word' id='word_1_33' title='bbox 876 474 953 529; x_wconf 78' lang='lat' dir='ltr'><strong>m</strong></span> <span class='ocrx_word' id='word_1_34' title='bbox 966 473 994 527; x_wconf 92' lang='lat' dir='ltr'><strong>id</strong></span> <span class='ocrx_word' id='word_1_35' title='bbox 1051 472 1194 537; x_wconf 79' lang='lat' dir='ltr'>Rubrum,</span> <span class='ocrx_word' id='word_1_36' title='bbox 1206 473 1260 527; x_wconf 94' lang='lat' dir='ltr'><strong>hoc</strong></span> <span class='ocrx_word' id='word_1_37' title='bbox 1275 479 1330 539; x_wconf 89' lang='lat' dir='ltr'><strong>est,</strong></span> <span class='ocrx_word' id='word_1_38' title='bbox 1345 472 1528 546; x_wconf 89' lang='lat' dir='ltr'><strong>baptismum</strong></span> <span class='ocrx_word' id='word_1_39' title='bbox 1540 473 1684 546; x_wconf 80' lang='lat' dir='ltr'><strong>sauguine</strong></span> <span class='ocrx_word' id='word_1_40' title='bbox 1698 471 1817 528; x_wconf 88' lang='lat' dir='ltr'><strong>Domini</strong></span> <span class='ocrx_word' id='word_1_41' title='bbox 1833 489 1884 528; x_wconf 91' lang='lat' dir='ltr'><strong>ru·</strong></span> 
     </span>
     <span class='ocr_line' id='line_1_4' title="bbox 167 560 1884 639; baseline -0.004 -16"><span class='ocrx_word' id='word_1_42' title='bbox 167 574 211 624; x_wconf 87' lang='lat' dir='ltr'><strong>est</strong></span> <span class='ocrx_word' id='word_1_43' title='bbox 240 568 422 624; x_wconf 87' lang='lat' dir='ltr'><strong>collationem</strong></span> <span class='ocrx_word' id='word_1_44' title='bbox 453 566 663 639; x_wconf 86' lang='lat' dir='ltr'><strong>apostolorum,</strong></span> <span class='ocrx_word' id='word_1_45' title='bbox 685 565 761 621; x_wconf 90' lang='lat' dir='ltr'><strong>sieut</strong></span> <span class='ocrx_word' id='word_1_46' title='bbox 790 565 819 620; x_wconf 92' lang='lat' dir='ltr'><strong>in</strong></span> <span class='ocrx_word' id='word_1_47' title='bbox 847 560 997 618; x_wconf 89' lang='lat' dir='ltr'><strong>Psalteriis</strong></span> <span class='ocrx_word' id='word_1_48' title='bbox 1050 561 1213 632; x_wconf 90' lang='lat' dir='ltr'><strong>beum,per</strong></span> <span class='ocrx_word' id='word_1_49' title='bbox 1226 561 1374 617; x_wconf 88' lang='lat' dir='ltr'><strong>desertum</strong></span> <span class='ocrx_word' id='word_1_50' title='bbox 1397 561 1549 634; x_wconf 79' lang='lat' dir='ltr'><strong>praesentis</strong></span> <span class='ocrx_word' id='word_1_51' title='bbox 1564 562 1631 618; x_wconf 75' lang='lat' dir='ltr'><strong>vitre</strong></span> <span class='ocrx_word' id='word_1_52' title='bbox 1645 561 1753 628; x_wconf 88' lang='lat' dir='ltr'><strong>educti,</strong></span> <span class='ocrx_word' id='word_1_53' title='bbox 1769 561 1808 617; x_wconf 84' lang='lat' dir='ltr'><strong>ad</strong></span> <span class='ocrx_word' id='word_1_54' title='bbox 1823 565 1884 616; x_wconf 87' lang='lat' dir='ltr'><strong>ter·</strong></span> 
     </span>
     <span class='ocr_line' id='line_1_5' title="bbox 168 649 1885 728; baseline -0.003 -16"><span class='ocrx_word' id='word_1_55' title='bbox 168 657 306 713; x_wconf 80' lang='lat' dir='ltr'><strong>correctis</strong></span> <span class='ocrx_word' id='word_1_56' title='bbox 328 655 475 711; x_wconf 85' lang='lat' dir='ltr'><strong>invenitur</strong></span> <span class='ocrx_word' id='word_1_57' title='bbox 489 655 579 728; x_wconf 83' lang='lat'>(935);</span> <span class='ocrx_word' id='word_1_58' title='bbox 597 660 626 709; x_wconf 91' lang='lat' dir='ltr'><strong>et</strong></span> <span class='ocrx_word' id='word_1_59' title='bbox 647 653 727 709; x_wconf 90' lang='lat' dir='ltr'><strong>illam</strong></span> <span class='ocrx_word' id='word_1_60' title='bbox 744 670 808 725; x_wconf 73' lang='lat' dir='ltr'><strong>quae</strong></span> <span class='ocrx_word' id='word_1_61' title='bbox 823 653 858 708; x_wconf 91' lang='lat' dir='ltr'><strong>ad</strong></span> <span class='ocrx_word' id='word_1_62' title='bbox 875 651 997 706; x_wconf 85' lang='lat' dir='ltr'><strong>missam</strong></span> <span class='ocrx_word' id='word_1_63' title='bbox 1051 665 1113 704; x_wconf 89' lang='lat' dir='ltr'><strong>ram</strong></span> <span class='ocrx_word' id='word_1_64' title='bbox 1126 649 1408 721; x_wconf 89' lang='lat' dir='ltr'><strong>repromissionis,id</strong></span> <span class='ocrx_word' id='word_1_65' title='bbox 1422 650 1569 717; x_wconf 87' lang='lat' dir='ltr'><strong>cst,vitam</strong></span> <span class='ocrx_word' id='word_1_66' title='bbox 1578 654 1717 707; x_wconf 85' lang='lat' dir='ltr'><strong>aeternam</strong></span> <span class='ocrx_word' id='word_1_67' title='bbox 1728 649 1885 724; x_wconf 84' lang='lat' dir='ltr'><strong>pervenire</strong></span> 
     </span>
     <span class='ocr_line' id='line_1_6' title="bbox 168 737 1883 812; baseline -0.005 -11"><span class='ocrx_word' id='word_1_68' title='bbox 168 746 299 812; x_wconf 67' lang='lat' dir='ltr'><strong>capitum</strong></span> <span class='ocrx_word' id='word_1_69' title='bbox 315 749 345 800; x_wconf 90' lang='lat' dir='ltr'><strong>ct</strong></span> <span class='ocrx_word' id='word_1_70' title='bbox 360 744 440 800; x_wconf 87' lang='lat' dir='ltr'><strong>illam</strong></span> <span class='ocrx_word' id='word_1_71' title='bbox 457 743 551 798; x_wconf 90' lang='lat' dir='ltr'><strong>sancti</strong></span> <span class='ocrx_word' id='word_1_72' title='bbox 563 741 725 809; x_wconf 78' lang='lat' dir='ltr'><strong>Athanasii,</strong></span> <span class='ocrx_word' id='word_1_73' title='bbox 738 758 802 812; x_wconf 80' lang='lat' dir='ltr'><strong>quae</strong></span> <span class='ocrx_word' id='word_1_74' title='bbox 820 740 860 795; x_wconf 87' lang='lat' dir='ltr'><strong>ita</strong></span> <span class='ocrx_word' id='word_1_75' title='bbox 874 738 995 810; x_wconf 88' lang='lat' dir='ltr'><strong>incipit:</strong></span> <span class='ocrx_word' id='word_1_76' title='bbox 1051 754 1217 809; x_wconf 79' lang='lat' dir='ltr'><strong>possemus.</strong></span> <span class='ocrx_word' id='word_1_77' title='bbox 1231 737 1325 794; x_wconf 87' lang='lat' dir='ltr'><strong>Habes</strong></span> <span class='ocrx_word' id='word_1_78' title='bbox 1341 737 1462 808; x_wconf 80' lang='lat' dir='ltr'><strong>Pascha,</strong></span> <span class='ocrx_word' id='word_1_79' title='bbox 1474 739 1502 794; x_wconf 92' lang='lat' dir='ltr'><strong>id</strong></span> <span class='ocrx_word' id='word_1_80' title='bbox 1520 743 1564 795; x_wconf 89' lang='lat' dir='ltr'><strong>est</strong></span> <span class='ocrx_word' id='word_1_81' title='bbox 1578 738 1736 795; x_wconf 75' lang='lat' dir='ltr'><strong>transitum</strong></span> <span class='ocrx_word' id='word_1_82' title='bbox 1748 739 1883 807; x_wconf 89' lang='lat' dir='ltr'><strong>bonum;</strong></span> 
     </span>
     <span class='ocr_line' id='line_1_7' title="bbox 169 824 1885 905; baseline -0.002 -18"><span class='ocrx_word' id='word_1_83' title='bbox 169 835 327 905; x_wconf 74' lang='lat' dir='ltr'><strong>ortamque</strong></span> <span class='ocrx_word' id='word_1_84' title='bbox 341 834 400 888; x_wconf 80' lang='lat' dir='ltr'><strong>uolt</strong></span> <span class='ocrx_word' id='word_1_85' title='bbox 414 833 508 887; x_wconf 80' lang='lat' dir='ltr'><strong>sulvus</strong></span> <span class='ocrx_word' id='word_1_86' title='bbox 522 848 588 887; x_wconf 82' lang='lat' dir='ltr'><strong>ease.</strong></span> <span class='ocrx_word' id='word_1_87' title='bbox 603 831 776 902; x_wconf 79' lang='lat' dir='ltr'><strong>Quicunque</strong></span> <span class='ocrx_word' id='word_1_88' title='bbox 790 828 853 884; x_wconf 85' lang='lat' dir='ltr'><strong>vult</strong></span> <span class='ocrx_word' id='word_1_89' title='bbox 866 843 935 901; x_wconf 84' lang='lat' dir='ltr'><strong>ergo</strong></span> <span class='ocrx_word' id='word_1_90' title='bbox 951 842 998 882; x_wconf 87' lang='lat' dir='ltr'><strong>sa·</strong></span> <span class='ocrx_word' id='word_1_91' title='bbox 1052 824 1142 882; x_wconf 88' lang='lat' dir='ltr'><strong>habes</strong></span> <span class='ocrx_word' id='word_1_92' title='bbox 1158 830 1273 899; x_wconf 79' lang='lat' dir='ltr'><strong>Agrium</strong></span> <span class='ocrx_word' id='word_1_93' title='bbox 1287 844 1339 899; x_wconf 93' lang='lat' dir='ltr'><strong>pro</strong></span> <span class='ocrx_word' id='word_1_94' title='bbox 1363 831 1392 883; x_wconf 87' lang='lat' dir='ltr'><strong>te</strong></span> <span class='ocrx_word' id='word_1_95' title='bbox 1412 828 1558 896; x_wconf 90' lang='lat' dir='ltr'><strong>occisum;</strong></span> <span class='ocrx_word' id='word_1_96' title='bbox 1574 827 1708 884; x_wconf 82' lang='lat' dir='ltr'><strong>transisti</strong></span> <span class='ocrx_word' id='word_1_97' title='bbox 1722 843 1806 884; x_wconf 89' lang='lat' dir='ltr'><strong>mare</strong></span> <span class='ocrx_word' id='word_1_98' title='bbox 1822 827 1885 883; x_wconf 86' lang='lat' dir='ltr'><strong>Ru·</strong></span> 
     </span>
     <span class='ocr_line' id='line_1_8' title="bbox 167 914 1887 992; baseline -0.005 -14"><span class='ocrx_word' id='word_1_99' title='bbox 167 923 270 978; x_wconf 89' lang='lat' dir='ltr'><strong>cerdos</strong></span> <span class='ocrx_word' id='word_1_100' title='bbox 289 922 319 977; x_wconf 93' lang='lat' dir='ltr'><strong>in</strong></span> <span class='ocrx_word' id='word_1_101' title='bbox 335 925 435 976; x_wconf 88' lang='lat' dir='ltr'><strong>nostru</strong></span> <span class='ocrx_word' id='word_1_102' title='bbox 450 920 589 992; x_wconf 90' lang='lat' dir='ltr'><strong>parochia</strong></span> <span class='ocrx_word' id='word_1_103' title='bbox 612 934 687 987; x_wconf 90' lang='lat' dir='ltr'><strong>esse,</strong></span> <span class='ocrx_word' id='word_1_104' title='bbox 704 923 755 974; x_wconf 90' lang='lat' dir='ltr'><strong>aut</strong></span> <span class='ocrx_word' id='word_1_105' title='bbox 778 917 851 984; x_wconf 89' lang='lat' dir='ltr'><strong>fieri,</strong></span> <span class='ocrx_word' id='word_1_106' title='bbox 868 922 919 972; x_wconf 92' lang='lat' dir='ltr'><strong>aut</strong></span> <span class='ocrx_word' id='word_1_107' title='bbox 933 932 997 988; x_wconf 90' lang='lat' dir='ltr'><strong>per·</strong></span> <span class='ocrx_word' id='word_1_108' title='bbox 1051 915 1149 981; x_wconf 90' lang='lat' dir='ltr'><strong>hrum,</strong></span> <span class='ocrx_word' id='word_1_109' title='bbox 1165 914 1297 987; x_wconf 87' lang='lat' dir='ltr'><strong>graderis</strong></span> <span class='ocrx_word' id='word_1_110' title='bbox 1312 931 1363 986; x_wconf 92' lang='lat' dir='ltr'><strong>per</strong></span> <span class='ocrx_word' id='word_1_111' title='bbox 1385 915 1543 971; x_wconf 90' lang='lat' dir='ltr'><strong>desertum.</strong></span> <span class='ocrx_word' id='word_1_112' title='bbox 1555 915 1628 972; x_wconf 89' lang='lat' dir='ltr'><strong>Vide</strong></span> <span class='ocrx_word' id='word_1_113' title='bbox 1648 933 1705 987; x_wconf 92' lang='lat' dir='ltr'><strong>quo</strong></span> <span class='ocrx_word' id='word_1_114' title='bbox 1725 914 1887 988; x_wconf 76' lang='lat' dir='ltr'><strong>graderis?</strong></span> 
     </span>
     <span class='ocr_line' id='line_1_9' title="bbox 168 1003 1885 1082; baseline -0.003 -16"><span class='ocrx_word' id='word_1_115' title='bbox 168 1026 296 1077; x_wconf 89' lang='lat' dir='ltr'><strong>manere,</strong></span> <span class='ocrx_word' id='word_1_116' title='bbox 310 1011 383 1082; x_wconf 79' lang='grc'>(936)</span> <span class='ocrx_word' id='word_1_117' title='bbox 406 1008 472 1064; x_wconf 90' lang='lat' dir='ltr'><strong>illus</strong></span> <span class='ocrx_word' id='word_1_118' title='bbox 495 1013 555 1064; x_wconf 90' lang='lat' dir='ltr'><strong>tres</strong></span> <span class='ocrx_word' id='word_1_119' title='bbox 571 1007 698 1078; x_wconf 83' lang='lat' dir='ltr'><strong>[subaudi</strong></span> <span class='ocrx_word' id='word_1_120' title='bbox 722 1005 806 1077; x_wconf 78' lang='lat' dir='ltr'><strong>tides]</strong></span> <span class='ocrx_word' id='word_1_121' title='bbox 831 1003 999 1060; x_wconf 83' lang='lat' dir='ltr'><strong>memoriter</strong></span> <span class='ocrx_word' id='word_1_122' title='bbox 1051 1003 1142 1058; x_wconf 85' lang='lat' dir='ltr'><strong>Stude</strong></span> <span class='ocrx_word' id='word_1_123' title='bbox 1156 1007 1189 1058; x_wconf 90' lang='lat' dir='ltr'><strong>ut</strong></span> <span class='ocrx_word' id='word_1_124' title='bbox 1202 1003 1277 1075; x_wconf 77' lang='lat' dir='ltr'><strong>(ulo)</strong></span> <span class='ocrx_word' id='word_1_125' title='bbox 1298 1004 1459 1075; x_wconf 91' lang='lat' dir='ltr'><strong>pervenias,</strong></span> <span class='ocrx_word' id='word_1_126' title='bbox 1471 1021 1530 1077; x_wconf 92' lang='lat' dir='ltr'><strong>quo</strong></span> <span class='ocrx_word' id='word_1_127' title='bbox 1553 1003 1652 1061; x_wconf 90' lang='lat' dir='ltr'><strong>venire</strong></span> <span class='ocrx_word' id='word_1_128' title='bbox 1675 1003 1729 1059; x_wconf 89' lang='lat' dir='ltr'><strong>tibi</strong></span> <span class='ocrx_word' id='word_1_129' title='bbox 1752 1004 1885 1077; x_wconf 82' lang='lat' dir='ltr'><strong>expedit.</strong></span> 
     </span>
     <span class='ocr_line' id='line_1_10' title="bbox 169 1091 1886 1168; baseline -0.003 -13"><span class='ocrx_word' id='word_1_130' title='bbox 169 1100 255 1155; x_wconf 88' lang='lat' dir='ltr'><strong>nobis</strong></span> <span class='ocrx_word' id='word_1_131' title='bbox 279 1099 390 1164; x_wconf 89' lang='lat' dir='ltr'><strong>recitet,</strong></span> <span class='ocrx_word' id='word_1_132' title='bbox 408 1113 475 1153; x_wconf 92' lang='lat' dir='ltr'><strong>eum</strong></span> <span class='ocrx_word' id='word_1_133' title='bbox 501 1096 633 1168; x_wconf 80' lang='lat' dir='ltr'><strong>proxime</strong></span> <span class='ocrx_word' id='word_1_134' title='bbox 649 1112 666 1150; x_wconf 89' lang='lat' dir='ltr'><strong>a</strong></span> <span class='ocrx_word' id='word_1_135' title='bbox 685 1094 770 1149; x_wconf 90' lang='lat' dir='ltr'><strong>nobis</strong></span> <span class='ocrx_word' id='word_1_136' title='bbox 795 1093 852 1148; x_wconf 92' lang='lat' dir='ltr'><strong>huc</strong></span> <span class='ocrx_word' id='word_1_137' title='bbox 879 1095 998 1148; x_wconf 87' lang='lat' dir='ltr'><strong>vocatus</strong></span> <span class='ocrx_word' id='word_1_138' title='bbox 1053 1091 1165 1147; x_wconf 84' lang='lat' dir='ltr'><strong>Labore</strong></span> <span class='ocrx_word' id='word_1_139' title='bbox 1180 1108 1246 1147; x_wconf 91' lang='lat' dir='ltr'><strong>cum</strong></span> <span class='ocrx_word' id='word_1_140' title='bbox 1261 1092 1312 1148; x_wconf 90' lang='lat' dir='ltr'><strong>Dei</strong></span> <span class='ocrx_word' id='word_1_141' title='bbox 1331 1092 1490 1164; x_wconf 88' lang='lat' dir='ltr'><strong>adjutorio,</strong></span> <span class='ocrx_word' id='word_1_142' title='bbox 1503 1108 1539 1149; x_wconf 94' lang='lat' dir='ltr'><strong>ne</strong></span> <span class='ocrx_word' id='word_1_143' title='bbox 1554 1098 1605 1148; x_wconf 92' lang='lat' dir='ltr'><strong>aut</strong></span> <span class='ocrx_word' id='word_1_144' title='bbox 1619 1093 1648 1148; x_wconf 91' lang='lat' dir='ltr'><strong>in</strong></span> <span class='ocrx_word' id='word_1_145' title='bbox 1664 1093 1821 1166; x_wconf 78' lang='lat' dir='ltr'><strong>AEgyptum</strong></span> <span class='ocrx_word' id='word_1_146' title='bbox 1837 1110 1886 1150; x_wconf 87' lang='lat' dir='ltr'><strong>re·</strong></span> 
     </span>
     <span class='ocr_line' id='line_1_11' title="bbox 170 1178 1886 1254; baseline 0.001 -18"><span class='ocrx_word' id='word_1_147' title='bbox 170 1188 267 1244; x_wconf 65' lang='lat' dir='ltr'><strong>sunsit.</strong></span> <span class='ocrx_word' id='word_1_148' title='bbox 1052 1180 1191 1247; x_wconf 86' lang='lat' dir='ltr'><strong>deas,uut</strong></span> <span class='ocrx_word' id='word_1_149' title='bbox 1200 1178 1228 1234; x_wconf 90' lang='lat' dir='ltr'><strong>in</strong></span> <span class='ocrx_word' id='word_1_150' title='bbox 1240 1180 1354 1236; x_wconf 88' lang='lat' dir='ltr'><strong>deserto</strong></span> <span class='ocrx_word' id='word_1_151' title='bbox 1365 1182 1535 1252; x_wconf 87' lang='lat' dir='ltr'><strong>pereas,sed</strong></span> <span class='ocrx_word' id='word_1_152' title='bbox 1548 1181 1584 1236; x_wconf 83' lang='lat' dir='ltr'><strong>ad</strong></span> <span class='ocrx_word' id='word_1_153' title='bbox 1595 1180 1722 1254; x_wconf 89' lang='lat' dir='ltr'><strong>patriam</strong></span> <span class='ocrx_word' id='word_1_154' title='bbox 1732 1180 1886 1238; x_wconf 81' lang='lat' dir='ltr'><strong>caelestem</strong></span> 
     </span>
    </p>

    <p class='ocr_par' dir='ltr' id='par_1_3' title="bbox 167 1266 1937 4268">
     <span class='ocr_line' id='line_1_12' title="bbox 205 1266 1886 1343; baseline -0.002 -14"><span class='ocrx_word' id='word_1_155' title='bbox 205 1278 233 1329; x_wconf 81' lang='lat'><strong>2.</strong></span> <span class='ocrx_word' id='word_1_156' title='bbox 245 1275 348 1329; x_wconf 89' lang='lat' dir='ltr'><strong>lloneo</strong></span> <span class='ocrx_word' id='word_1_157' title='bbox 360 1273 446 1328; x_wconf 87' lang='lat' dir='ltr'><strong>etiam</strong></span> <span class='ocrx_word' id='word_1_158' title='bbox 462 1289 513 1327; x_wconf 89' lang='lat' dir='ltr'><strong>vos</strong></span> <span class='ocrx_word' id='word_1_159' title='bbox 525 1273 560 1327; x_wconf 89' lang='lat' dir='ltr'><strong>de</strong></span> <span class='ocrx_word' id='word_1_160' title='bbox 572 1271 619 1327; x_wconf 91' lang='lat' dir='ltr'><strong>die</strong></span> <span class='ocrx_word' id='word_1_161' title='bbox 634 1270 797 1335; x_wconf 91' lang='lat' dir='ltr'><strong>Dominieo,</strong></span> <span class='ocrx_word' id='word_1_162' title='bbox 807 1274 840 1325; x_wconf 92' lang='lat' dir='ltr'><strong>ut</strong></span> <span class='ocrx_word' id='word_1_163' title='bbox 854 1266 998 1340; x_wconf 85' lang='lat' dir='ltr'><strong>cogitetis,</strong></span> <span class='ocrx_word' id='word_1_164' title='bbox 1053 1267 1214 1340; x_wconf 86' lang='lat' dir='ltr'><strong>pervenias.</strong></span> <span class='ocrx_word' id='word_1_165' title='bbox 1232 1268 1263 1324; x_wconf 93' lang='lat' dir='ltr'><strong>ln</strong></span> <span class='ocrx_word' id='word_1_166' title='bbox 1278 1268 1435 1342; x_wconf 78' lang='lat' dir='ltr'><strong>AEgyptum</strong></span> <span class='ocrx_word' id='word_1_167' title='bbox 1448 1285 1516 1325; x_wconf 88' lang='lat' dir='ltr'><strong>vero</strong></span> <span class='ocrx_word' id='word_1_168' title='bbox 1532 1272 1560 1325; x_wconf 91' lang='lat' dir='ltr'><strong>te</strong></span> <span class='ocrx_word' id='word_1_169' title='bbox 1575 1269 1670 1327; x_wconf 92' lang='lat' dir='ltr'><strong>redire</strong></span> <span class='ocrx_word' id='word_1_170' title='bbox 1683 1285 1842 1343; x_wconf 79' lang='lat' dir='ltr'><strong>cognosce,</strong></span> <span class='ocrx_word' id='word_1_171' title='bbox 1859 1270 1886 1326; x_wconf 88' lang='lat' dir='ltr'><strong>si</strong></span> 
     </span>
     <span class='ocr_line' id='line_1_13' title="bbox 171 1356 1887 1433; baseline -0.002 -16"><span class='ocrx_word' id='word_1_172' title='bbox 171 1366 221 1418; x_wconf 89' lang='lat' dir='ltr'><strong>aut</strong></span> <span class='ocrx_word' id='word_1_173' title='bbox 237 1362 260 1415; x_wconf 89' lang='lat' dir='ltr'><strong>si</strong></span> <span class='ocrx_word' id='word_1_174' title='bbox 277 1361 404 1433; x_wconf 80' lang='lat' dir='ltr'><strong>cogitare</strong></span> <span class='ocrx_word' id='word_1_175' title='bbox 430 1360 560 1424; x_wconf 89' lang='lat' dir='ltr'><strong>nescitis,</strong></span> <span class='ocrx_word' id='word_1_176' title='bbox 577 1357 873 1430; x_wconf 84' lang='lat' dir='ltr'><strong>interrogetis,quare</strong></span> <span class='ocrx_word' id='word_1_177' title='bbox 888 1356 929 1412; x_wconf 88' lang='lat' dir='ltr'><strong>ita</strong></span> <span class='ocrx_word' id='word_1_178' title='bbox 950 1372 999 1411; x_wconf 90' lang='lat' dir='ltr'><strong>vo·</strong></span> <span class='ocrx_word' id='word_1_179' title='bbox 1053 1361 1216 1429; x_wconf 87' lang='lat' dir='ltr'><strong>peccatum,</strong></span> <span class='ocrx_word' id='word_1_180' title='bbox 1230 1357 1308 1428; x_wconf 90' lang='lat' dir='ltr'><strong>quod</strong></span> <span class='ocrx_word' id='word_1_181' title='bbox 1323 1357 1489 1427; x_wconf 86' lang='lat' dir='ltr'><strong>deseruisti,</strong></span> <span class='ocrx_word' id='word_1_182' title='bbox 1505 1358 1659 1430; x_wconf 73' lang='lat' dir='ltr'><strong>praesumis</strong></span> <span class='ocrx_word' id='word_1_183' title='bbox 1673 1363 1816 1430; x_wconf 89' lang='lat' dir='ltr'><strong>repetere.</strong></span> <span class='ocrx_word' id='word_1_184' title='bbox 1834 1359 1887 1414; x_wconf 89' lang='lat' dir='ltr'><strong>Pe-</strong></span> 
     </span>
     <span class='ocr_line' id='line_1_14' title="bbox 171 1444 1888 1521; baseline -0.002 -14"><span class='ocrx_word' id='word_1_185' title='bbox 171 1456 252 1507; x_wconf 88' lang='lat' dir='ltr'><strong>cctur</strong></span> <span class='ocrx_word' id='word_1_186' title='bbox 263 1467 270 1505; x_wconf 90' lang='lat'>:</span> <span class='ocrx_word' id='word_1_187' title='bbox 283 1467 338 1504; x_wconf 93' lang='lat' dir='ltr'><strong>usu</strong></span> <span class='ocrx_word' id='word_1_188' title='bbox 355 1449 433 1503; x_wconf 94' lang='lat' dir='ltr'><strong>enim</strong></span> <span class='ocrx_word' id='word_1_189' title='bbox 448 1447 618 1521; x_wconf 88' lang='lat' dir='ltr'><strong>quotidiano</strong></span> <span class='ocrx_word' id='word_1_190' title='bbox 636 1446 702 1502; x_wconf 89' lang='lat' dir='ltr'><strong>illus</strong></span> <span class='ocrx_word' id='word_1_191' title='bbox 717 1463 763 1501; x_wconf 90' lang='lat' dir='ltr'><strong>res</strong></span> <span class='ocrx_word' id='word_1_192' title='bbox 777 1445 944 1501; x_wconf 89' lang='lat' dir='ltr'><strong>Dominicas</strong></span> <span class='ocrx_word' id='word_1_193' title='bbox 959 1444 1000 1500; x_wconf 90' lang='lat' dir='ltr'><strong>di·</strong></span> <span class='ocrx_word' id='word_1_194' title='bbox 1053 1444 1094 1501; x_wconf 92' lang='lat' dir='ltr'><strong>ris</strong></span> <span class='ocrx_word' id='word_1_195' title='bbox 1108 1462 1175 1502; x_wconf 89' lang='lat' dir='ltr'><strong>vero</strong></span> <span class='ocrx_word' id='word_1_196' title='bbox 1197 1445 1228 1500; x_wconf 93' lang='lat' dir='ltr'><strong>in</strong></span> <span class='ocrx_word' id='word_1_197' title='bbox 1243 1445 1368 1515; x_wconf 89' lang='lat' dir='ltr'><strong>deserto,</strong></span> <span class='ocrx_word' id='word_1_198' title='bbox 1385 1445 1409 1502; x_wconf 90' lang='lat' dir='ltr'><strong>si</strong></span> <span class='ocrx_word' id='word_1_199' title='bbox 1431 1461 1491 1501; x_wconf 88' lang='lat' dir='ltr'><strong>non</strong></span> <span class='ocrx_word' id='word_1_200' title='bbox 1511 1462 1679 1518; x_wconf 84' lang='lat' dir='ltr'><strong>perseveras</strong></span> <span class='ocrx_word' id='word_1_201' title='bbox 1695 1446 1842 1504; x_wconf 83' lang='lat' dir='ltr'><strong>inlabere</strong></span> <span class='ocrx_word' id='word_1_202' title='bbox 1857 1450 1888 1504; x_wconf 83' lang='lat' dir='ltr'><strong>et</strong></span> 
     </span>
     <span class='ocr_line' id='line_1_15' title="bbox 170 1533 1242 1611; baseline -0.008 -15"><span class='ocrx_word' id='word_1_203' title='bbox 170 1540 275 1606; x_wconf 83' lang='lat' dir='ltr'><strong>rimus,</strong></span> <span class='ocrx_word' id='word_1_204' title='bbox 288 1556 352 1611; x_wconf 85' lang='lat' dir='ltr'><strong>quae</strong></span> <span class='ocrx_word' id='word_1_205' title='bbox 374 1537 490 1610; x_wconf 89' lang='lat' dir='ltr'><strong>proprie</strong></span> <span class='ocrx_word' id='word_1_206' title='bbox 506 1536 541 1592; x_wconf 91' lang='lat' dir='ltr'><strong>ad</strong></span> <span class='ocrx_word' id='word_1_207' title='bbox 559 1535 694 1590; x_wconf 90' lang='lat' dir='ltr'><strong>dominos</strong></span> <span class='ocrx_word' id='word_1_208' title='bbox 709 1535 856 1606; x_wconf 85' lang='lat' dir='ltr'><strong>pertinent</strong></span> <span class='ocrx_word' id='word_1_209' title='bbox 870 1533 998 1590; x_wconf 91' lang='lat' dir='ltr'><strong>illarum.</strong></span> <span class='ocrx_word' id='word_1_210' title='bbox 1053 1550 1139 1606; x_wconf 88' lang='lat' dir='ltr'><strong>opere</strong></span> <span class='ocrx_word' id='word_1_211' title='bbox 1156 1534 1242 1589; x_wconf 92' lang='lat' dir='ltr'><strong>bono.</strong></span> 
     </span>
     <span class='ocr_line' id='line_1_16' title="bbox 169 1621 1885 1701; baseline -0.003 -16"><span class='ocrx_word' id='word_1_212' title='bbox 169 1631 209 1685; x_wconf 80' lang='lat' dir='ltr'><strong>Eo</strong></span> <span class='ocrx_word' id='word_1_213' title='bbox 221 1630 318 1701; x_wconf 89' lang='lat' dir='ltr'><strong>itaque</strong></span> <span class='ocrx_word' id='word_1_214' title='bbox 329 1644 417 1684; x_wconf 89' lang='lat' dir='ltr'><strong>sensu</strong></span> <span class='ocrx_word' id='word_1_215' title='bbox 430 1624 699 1682; x_wconf 87' lang='lat' dir='ltr'><strong>Dominieadioitur</strong></span> <span class='ocrx_word' id='word_1_216' title='bbox 710 1623 868 1695; x_wconf 90' lang='lat' dir='ltr'><strong>dies‚quod</strong></span> <span class='ocrx_word' id='word_1_217' title='bbox 885 1621 1001 1694; x_wconf 84' lang='lat' dir='ltr'><strong>proprie</strong></span> <span class='ocrx_word' id='word_1_218' title='bbox 1089 1623 1116 1678; x_wconf 90' lang='lat'><strong>3.</strong></span> <span class='ocrx_word' id='word_1_219' title='bbox 1130 1622 1184 1678; x_wconf 88' lang='lat' dir='ltr'><strong>Sed</strong></span> <span class='ocrx_word' id='word_1_220' title='bbox 1202 1622 1357 1678; x_wconf 86' lang='lat' dir='ltr'><strong>redeamus</strong></span> <span class='ocrx_word' id='word_1_221' title='bbox 1375 1623 1411 1677; x_wconf 88' lang='lat' dir='ltr'><strong>ad</strong></span> <span class='ocrx_word' id='word_1_222' title='bbox 1432 1622 1624 1695; x_wconf 86' lang='lat' dir='ltr'><strong>Apostolum:</strong></span> <span class='ocrx_word' id='word_1_223' title='bbox 1640 1625 1757 1691; x_wconf 82' lang='lat' dir='ltr'><strong>Posclru,</strong></span> <span class='ocrx_word' id='word_1_224' title='bbox 1774 1623 1885 1697; x_wconf 91' lang='lat' dir='ltr'><strong>inquit,</strong></span> 
     </span>
     <span class='ocr_line' id='line_1_17' title="bbox 170 1710 1886 1782; baseline -0.002 -10"><span class='ocrx_word' id='word_1_225' title='bbox 170 1719 206 1773; x_wconf 89' lang='lat' dir='ltr'><strong>ad</strong></span> <span class='ocrx_word' id='word_1_226' title='bbox 219 1718 386 1779; x_wconf 86' lang='lat' dir='ltr'><strong>Dominum,</strong></span> <span class='ocrx_word' id='word_1_227' title='bbox 396 1715 424 1769; x_wconf 91' lang='lat' dir='ltr'><strong>id</strong></span> <span class='ocrx_word' id='word_1_228' title='bbox 439 1717 483 1769; x_wconf 89' lang='lat' dir='ltr'><strong>est</strong></span> <span class='ocrx_word' id='word_1_229' title='bbox 495 1713 597 1769; x_wconf 89' lang='lat' dir='ltr'><strong>Jesum</strong></span> <span class='ocrx_word' id='word_1_230' title='bbox 609 1711 760 1766; x_wconf 87' lang='lat' dir='ltr'><strong>Christum</strong></span> <span class='ocrx_word' id='word_1_231' title='bbox 773 1711 998 1782; x_wconf 81' lang='lat' dir='ltr'><strong>pertineatcum</strong></span> <span class='ocrx_word' id='word_1_232' title='bbox 1053 1710 1159 1767; x_wconf 83' lang='lat' dir='ltr'><strong>Poaobe</strong></span> <span class='ocrx_word' id='word_1_233' title='bbox 1172 1713 1297 1766; x_wconf 80' lang='lat' dir='ltr'><strong>nostrum</strong></span> <span class='ocrx_word' id='word_1_234' title='bbox 1312 1712 1470 1767; x_wconf 83' lang='lat' dir='ltr'><strong>immolatos</strong></span> <span class='ocrx_word' id='word_1_235' title='bbox 1491 1716 1530 1768; x_wconf 82' lang='lat' dir='ltr'><strong>est</strong></span> <span class='ocrx_word' id='word_1_236' title='bbox 1545 1713 1675 1769; x_wconf 77' lang='lat' dir='ltr'><strong>Christos.</strong></span> <span class='ocrx_word' id='word_1_237' title='bbox 1688 1713 1812 1769; x_wconf 87' lang='lat' dir='ltr'><strong>Postea:</strong></span> <span class='ocrx_word' id='word_1_238' title='bbox 1829 1715 1886 1769; x_wconf 82' lang='lat' dir='ltr'><strong>lto·</strong></span> 
     </span>
     <span class='ocr_line' id='line_1_18' title="bbox 169 1799 1884 1874; baseline 0 -15"><span class='ocrx_word' id='word_1_239' title='bbox 169 1822 238 1861; x_wconf 82' lang='lat' dir='ltr'><strong>vero</strong></span> <span class='ocrx_word' id='word_1_240' title='bbox 250 1822 352 1860; x_wconf 90' lang='lat' dir='ltr'><strong>omnes</strong></span> <span class='ocrx_word' id='word_1_241' title='bbox 363 1804 425 1858; x_wconf 90' lang='lat' dir='ltr'><strong>dies</strong></span> <span class='ocrx_word' id='word_1_242' title='bbox 435 1801 530 1874; x_wconf 90' lang='lat' dir='ltr'><strong>ipsius</strong></span> <span class='ocrx_word' id='word_1_243' title='bbox 541 1801 609 1869; x_wconf 88' lang='lat' dir='ltr'><strong>sint,</strong></span> <span class='ocrx_word' id='word_1_244' title='bbox 622 1801 699 1855; x_wconf 89' lang='lat' dir='ltr'><strong>sicut</strong></span> <span class='ocrx_word' id='word_1_245' title='bbox 709 1803 737 1855; x_wconf 89' lang='lat' dir='ltr'><strong>et</strong></span> <span class='ocrx_word' id='word_1_246' title='bbox 746 1799 845 1854; x_wconf 91' lang='lat' dir='ltr'><strong>omniu</strong></span> <span class='ocrx_word' id='word_1_247' title='bbox 856 1815 918 1871; x_wconf 79' lang='lat' dir='ltr'><strong>quae</strong></span> <span class='ocrx_word' id='word_1_248' title='bbox 931 1803 1000 1854; x_wconf 87' lang='lat' dir='ltr'><strong>sunt</strong></span> <span class='ocrx_word' id='word_1_249' title='bbox 1053 1816 1105 1872; x_wconf 83' lang='lat' dir='ltr'><strong>quc</strong></span> <span class='ocrx_word' id='word_1_250' title='bbox 1119 1800 1270 1871; x_wconf 75' lang='lat' dir='ltr'><strong>epulemur.</strong></span> <span class='ocrx_word' id='word_1_251' title='bbox 1283 1799 1372 1856; x_wconf 89' lang='lat' dir='ltr'><strong>Putas</strong></span> <span class='ocrx_word' id='word_1_252' title='bbox 1385 1801 1463 1872; x_wconf 91' lang='lat' dir='ltr'><strong>quod</strong></span> <span class='ocrx_word' id='word_1_253' title='bbox 1479 1800 1574 1857; x_wconf 88' lang='lat' dir='ltr'><strong>dicat:</strong></span> <span class='ocrx_word' id='word_1_254' title='bbox 1588 1801 1719 1874; x_wconf 79' lang='lat' dir='ltr'><strong>Crapulee</strong></span> <span class='ocrx_word' id='word_1_255' title='bbox 1738 1807 1770 1858; x_wconf 89' lang='lat' dir='ltr'><strong>et</strong></span> <span class='ocrx_word' id='word_1_256' title='bbox 1789 1803 1884 1859; x_wconf 85' lang='lat' dir='ltr'><strong>ebrie·</strong></span> 
     </span>
     <span class='ocr_line' id='line_1_19' title="bbox 171 1886 1884 1962; baseline -0.001 -13"><span class='ocrx_word' id='word_1_257' title='bbox 171 1894 201 1949; x_wconf 92' lang='lat' dir='ltr'><strong>in</strong></span> <span class='ocrx_word' id='word_1_258' title='bbox 218 1893 334 1959; x_wconf 66' lang='lat' dir='ltr'><strong>reddet</strong></span> <span class='ocrx_word' id='word_1_259' title='bbox 344 1893 375 1946; x_wconf 89' lang='lat' dir='ltr'><strong>in</strong></span> <span class='ocrx_word' id='word_1_260' title='bbox 385 1895 472 1955; x_wconf 90' lang='lat' dir='ltr'><strong>terra,</strong></span> <span class='ocrx_word' id='word_1_261' title='bbox 482 1893 511 1945; x_wconf 89' lang='lat' dir='ltr'><strong>et</strong></span> <span class='ocrx_word' id='word_1_262' title='bbox 521 1889 551 1943; x_wconf 91' lang='lat' dir='ltr'><strong>in</strong></span> <span class='ocrx_word' id='word_1_263' title='bbox 563 1889 685 1955; x_wconf 65' lang='lat' dir='ltr'><strong>moriat</strong></span> <span class='ocrx_word' id='word_1_264' title='bbox 695 1888 725 1943; x_wconf 91' lang='lat' dir='ltr'><strong>in</strong></span> <span class='ocrx_word' id='word_1_265' title='bbox 738 1888 875 1944; x_wconf 89' lang='lat' dir='ltr'><strong>omnibus</strong></span> <span class='ocrx_word' id='word_1_266' title='bbox 886 1886 1000 1961; x_wconf 73' lang='lat' dir='ltr'><strong>abyssis</strong></span> <span class='ocrx_word' id='word_1_267' title='bbox 1053 1888 1106 1943; x_wconf 88' lang='lat' dir='ltr'><strong>tati</strong></span> <span class='ocrx_word' id='word_1_268' title='bbox 1121 1888 1277 1944; x_wconf 82' lang='lat' dir='ltr'><strong>vacemus?</strong></span> <span class='ocrx_word' id='word_1_269' title='bbox 1289 1889 1479 1961; x_wconf 85' lang='lat' dir='ltr'><strong>Nequaquam</strong></span> <span class='ocrx_word' id='word_1_270' title='bbox 1491 1907 1497 1957; x_wconf 93' lang='lat'>;</span> <span class='ocrx_word' id='word_1_271' title='bbox 1515 1890 1649 1962; x_wconf 89' lang='lat' dir='ltr'><strong>sequitur</strong></span> <span class='ocrx_word' id='word_1_272' title='bbox 1664 1890 1744 1946; x_wconf 90' lang='lat' dir='ltr'><strong>enim</strong></span> <span class='ocrx_word' id='word_1_273' title='bbox 1758 1907 1765 1946; x_wconf 81' lang='lat' dir='ltr'><strong>r</strong></span> <span class='ocrx_word' id='word_1_274' title='bbox 1778 1892 1840 1947; x_wconf 82' lang='lat' dir='ltr'><strong>Non</strong></span> <span class='ocrx_word' id='word_1_275' title='bbox 1855 1893 1884 1947; x_wconf 80' lang='lat' dir='ltr'><strong>ie</strong></span> 
     </span>
     <span class='ocr_line' id='line_1_20' title="bbox 174 1975 1884 2053; baseline 0.001 -17"><span class='ocrx_word' id='word_1_276' title='bbox 174 1983 259 2053; x_wconf 74' lang='lat' dir='ltr'><strong>(thol.</strong></span> <span class='ocrx_word' id='word_1_277' title='bbox 272 1997 384 2048; x_wconf 80' lang='lat' dir='ltr'><strong>cxxxiv,</strong></span> <span class='ocrx_word' id='word_1_278' title='bbox 396 1980 434 2049; x_wconf 88' lang='grc'><strong>6);</strong></span> <span class='ocrx_word' id='word_1_279' title='bbox 450 1977 656 2048; x_wconf 92' lang='lat' dir='ltr'><strong>inquirendum</strong></span> <span class='ocrx_word' id='word_1_280' title='bbox 669 1992 759 2049; x_wconf 92' lang='lat' dir='ltr'><strong>quare</strong></span> <span class='ocrx_word' id='word_1_281' title='bbox 773 1976 830 2033; x_wconf 90' lang='lat' dir='ltr'><strong>ista</strong></span> <span class='ocrx_word' id='word_1_282' title='bbox 844 1977 940 2033; x_wconf 92' lang='lat' dir='ltr'><strong>solum</strong></span> <span class='ocrx_word' id='word_1_283' title='bbox 956 1976 999 2031; x_wconf 92' lang='lat' dir='ltr'><strong>di·</strong></span> <span class='ocrx_word' id='word_1_284' title='bbox 1052 1980 1185 2048; x_wconf 78' lang='lat' dir='ltr'><strong>fermento</strong></span> <span class='ocrx_word' id='word_1_285' title='bbox 1199 1978 1293 2044; x_wconf 80' lang='lat' dir='ltr'><strong>veteri,</strong></span> <span class='ocrx_word' id='word_1_286' title='bbox 1309 1975 1338 2030; x_wconf 92' lang='lat' dir='ltr'><strong>id</strong></span> <span class='ocrx_word' id='word_1_287' title='bbox 1354 1983 1400 2033; x_wconf 89' lang='lat' dir='ltr'><strong>est</strong></span> <span class='ocrx_word' id='word_1_288' title='bbox 1413 1977 1563 2034; x_wconf 88' lang='lat' dir='ltr'><strong>inllutione</strong></span> <span class='ocrx_word' id='word_1_289' title='bbox 1574 1979 1695 2045; x_wconf 88' lang='lat' dir='ltr'><strong>ventris,</strong></span> <span class='ocrx_word' id='word_1_290' title='bbox 1705 1978 1753 2035; x_wconf 85' lang='lat' dir='ltr'><strong>vel</strong></span> <span class='ocrx_word' id='word_1_291' title='bbox 1767 1985 1884 2038; x_wconf 81' lang='lat' dir='ltr'><strong>tumore</strong></span> 
     </span>
     <span class='ocr_line' id='line_1_21' title="bbox 174 2065 1885 2138; baseline -0.001 -11"><span class='ocrx_word' id='word_1_292' title='bbox 174 2076 257 2127; x_wconf 89' lang='lat' dir='ltr'><strong>catur</strong></span> <span class='ocrx_word' id='word_1_293' title='bbox 277 2068 357 2124; x_wconf 89' lang='lat' dir='ltr'><strong>illius</strong></span> <span class='ocrx_word' id='word_1_294' title='bbox 373 2083 447 2123; x_wconf 85' lang='lat' dir='ltr'><strong>esse.</strong></span> <span class='ocrx_word' id='word_1_295' title='bbox 459 2066 604 2121; x_wconf 89' lang='lat' dir='ltr'><strong>Nimirum</strong></span> <span class='ocrx_word' id='word_1_296' title='bbox 621 2067 690 2138; x_wconf 88' lang='lat' dir='ltr'><strong>quia</strong></span> <span class='ocrx_word' id='word_1_297' title='bbox 705 2066 809 2137; x_wconf 89' lang='lat' dir='ltr'><strong>ipsein</strong></span> <span class='ocrx_word' id='word_1_298' title='bbox 826 2082 859 2122; x_wconf 88' lang='lat' dir='ltr'><strong>eu</strong></span> <span class='ocrx_word' id='word_1_299' title='bbox 873 2066 946 2137; x_wconf 86' lang='grc'>(937)</span> <span class='ocrx_word' id='word_1_300' title='bbox 959 2083 1000 2123; x_wconf 92' lang='lat' dir='ltr'><strong>re-</strong></span> <span class='ocrx_word' id='word_1_301' title='bbox 1053 2065 1207 2121; x_wconf 88' lang='lat' dir='ltr'><strong>anterioris</strong></span> <span class='ocrx_word' id='word_1_302' title='bbox 1221 2065 1341 2137; x_wconf 88' lang='lat' dir='ltr'><strong>peccati,</strong></span> <span class='ocrx_word' id='word_1_303' title='bbox 1357 2071 1409 2120; x_wconf 87' lang='lat' dir='ltr'><strong>aut</strong></span> <span class='ocrx_word' id='word_1_304' title='bbox 1425 2065 1540 2121; x_wconf 86' lang='lat' dir='ltr'><strong>alllectu</strong></span> <span class='ocrx_word' id='word_1_305' title='bbox 1558 2067 1594 2122; x_wconf 88' lang='lat' dir='ltr'><strong>ad</strong></span> <span class='ocrx_word' id='word_1_306' title='bbox 1610 2070 1759 2124; x_wconf 89' lang='lat' dir='ltr'><strong>transacta</strong></span> <span class='ocrx_word' id='word_1_307' title='bbox 1774 2067 1885 2125; x_wconf 78' lang='lat' dir='ltr'><strong>seelera</strong></span> 
     </span>
     <span class='ocr_line' id='line_1_22' title="bbox 174 2153 1883 2229; baseline 0 -14"><span class='ocrx_word' id='word_1_308' title='bbox 174 2157 308 2215; x_wconf 82' lang='lat' dir='ltr'><strong>surrexit.</strong></span> <span class='ocrx_word' id='word_1_309' title='bbox 322 2157 377 2212; x_wconf 84' lang='lat' dir='ltr'><strong>Sed</strong></span> <span class='ocrx_word' id='word_1_310' title='bbox 387 2155 418 2210; x_wconf 88' lang='lat' dir='ltr'><strong>in</strong></span> <span class='ocrx_word' id='word_1_311' title='bbox 433 2155 541 2227; x_wconf 89' lang='lat' dir='ltr'><strong>quibus</strong></span> <span class='ocrx_word' id='word_1_312' title='bbox 552 2153 690 2210; x_wconf 84' lang='lat' dir='ltr'><strong>Kalendis</strong></span> <span class='ocrx_word' id='word_1_313' title='bbox 702 2153 829 2221; x_wconf 71' lang='lat' dir='ltr'><strong>[tetbaudi</strong></span> <span class='ocrx_word' id='word_1_314' title='bbox 839 2170 1000 2212; x_wconf 83' lang='lat' dir='ltr'><strong>resurrene·</strong></span> <span class='ocrx_word' id='word_1_315' title='bbox 1054 2154 1205 2221; x_wconf 89' lang='lat' dir='ltr'><strong>redeundi,</strong></span> <span class='ocrx_word' id='word_1_316' title='bbox 1217 2153 1261 2209; x_wconf 90' lang='lat' dir='ltr'><strong>vel</strong></span> <span class='ocrx_word' id='word_1_317' title='bbox 1285 2154 1344 2209; x_wconf 88' lang='lat' dir='ltr'><strong>alia</strong></span> <span class='ocrx_word' id='word_1_318' title='bbox 1358 2155 1546 2226; x_wconf 90' lang='lat' dir='ltr'><strong>perpetrandi</strong></span> <span class='ocrx_word' id='word_1_319' title='bbox 1564 2172 1570 2211; x_wconf 95' lang='lat'>:</span> <span class='ocrx_word' id='word_1_320' title='bbox 1586 2157 1676 2228; x_wconf 79' lang='lat' dir='ltr'><strong>Neque</strong></span> <span class='ocrx_word' id='word_1_321' title='bbox 1696 2158 1726 2212; x_wconf 84' lang='lat' dir='ltr'><strong>ia</strong></span> <span class='ocrx_word' id='word_1_322' title='bbox 1749 2160 1883 2229; x_wconf 73' lang='lat' dir='ltr'><strong>femmae</strong></span> 
     </span>
     <span class='ocr_line' id='line_1_23' title="bbox 174 2242 1883 2318; baseline 0.001 -16"><span class='ocrx_word' id='word_1_323' title='bbox 174 2247 221 2318; x_wconf 71' lang='lat' dir='ltr'><strong>rit}</strong></span> <span class='ocrx_word' id='word_1_324' title='bbox 238 2264 294 2302; x_wconf 92' lang='lat' dir='ltr'><strong>non</strong></span> <span class='ocrx_word' id='word_1_325' title='bbox 312 2261 410 2312; x_wconf 73' lang='lat' dir='ltr'><strong>auree,</strong></span> <span class='ocrx_word' id='word_1_326' title='bbox 436 2244 471 2299; x_wconf 91' lang='lat' dir='ltr'><strong>de</strong></span> <span class='ocrx_word' id='word_1_327' title='bbox 493 2243 539 2299; x_wconf 89' lang='lat' dir='ltr'><strong>die</strong></span> <span class='ocrx_word' id='word_1_328' title='bbox 562 2242 747 2299; x_wconf 90' lang='lat' dir='ltr'><strong>solummodo</strong></span> <span class='ocrx_word' id='word_1_329' title='bbox 770 2243 875 2315; x_wconf 82' lang='lat' dir='ltr'><strong>cogita.</strong></span> <span class='ocrx_word' id='word_1_330' title='bbox 892 2244 1000 2308; x_wconf 79' lang='lat' dir='ltr'><strong>Quinta</strong></span> <span class='ocrx_word' id='word_1_331' title='bbox 1052 2244 1166 2298; x_wconf 71' lang='lat' dir='ltr'><strong>sortitiae</strong></span> <span class='ocrx_word' id='word_1_332' title='bbox 1182 2246 1208 2298; x_wconf 83' lang='lat' dir='ltr'><strong>et</strong></span> <span class='ocrx_word' id='word_1_333' title='bbox 1218 2245 1366 2313; x_wconf 73' lang='lat' dir='ltr'><strong>nequitiae:</strong></span> <span class='ocrx_word' id='word_1_334' title='bbox 1380 2243 1427 2299; x_wconf 81' lang='lat' dir='ltr'><strong>sed</strong></span> <span class='ocrx_word' id='word_1_335' title='bbox 1437 2245 1467 2300; x_wconf 85' lang='lat' dir='ltr'><strong>in</strong></span> <span class='ocrx_word' id='word_1_336' title='bbox 1477 2246 1583 2316; x_wconf 68' lang='lat' dir='ltr'><strong>azymas</strong></span> <span class='ocrx_word' id='word_1_337' title='bbox 1592 2247 1763 2303; x_wconf 78' lang='lat' dir='ltr'><strong>sinceritatis</strong></span> <span class='ocrx_word' id='word_1_338' title='bbox 1776 2254 1803 2304; x_wconf 80' lang='lat' dir='ltr'><strong>et</strong></span> <span class='ocrx_word' id='word_1_339' title='bbox 1815 2248 1883 2303; x_wconf 83' lang='lat' dir='ltr'><strong>oeri-</strong></span> 
     </span>
     <span class='ocr_line' id='line_1_24' title="bbox 172 2330 1882 2409; baseline 0 -18"><span class='ocrx_word' id='word_1_340' title='bbox 172 2336 244 2391; x_wconf 87' lang='lat' dir='ltr'><strong>l&#39;eria</strong></span> <span class='ocrx_word' id='word_1_341' title='bbox 260 2341 323 2407; x_wconf 87' lang='lat' dir='ltr'><strong>post</strong></span> <span class='ocrx_word' id='word_1_342' title='bbox 339 2349 491 2404; x_wconf 83' lang='lat' dir='ltr'><strong>vesperum</strong></span> <span class='ocrx_word' id='word_1_343' title='bbox 516 2336 561 2388; x_wconf 84' lang='lat' dir='ltr'><strong>est</strong></span> <span class='ocrx_word' id='word_1_344' title='bbox 586 2331 721 2399; x_wconf 88' lang='lat' dir='ltr'><strong>traditus,</strong></span> <span class='ocrx_word' id='word_1_345' title='bbox 737 2337 818 2387; x_wconf 87' lang='lat' dir='ltr'><strong>sexta</strong></span> <span class='ocrx_word' id='word_1_346' title='bbox 832 2334 998 2404; x_wconf 75' lang='lat' dir='ltr'><strong>crucifixus,</strong></span> <span class='ocrx_word' id='word_1_347' title='bbox 1053 2333 1117 2387; x_wconf 81' lang='lat' dir='ltr'><strong>totis</strong></span> <span class='ocrx_word' id='word_1_348' title='bbox 1132 2330 1223 2401; x_wconf 82' lang='lat' dir='ltr'><strong>(Ibid,</strong></span> <span class='ocrx_word' id='word_1_349' title='bbox 1234 2333 1273 2399; x_wconf 88' lang='grc'><strong>8),</strong></span> <span class='ocrx_word' id='word_1_350' title='bbox 1286 2331 1313 2386; x_wconf 92' lang='lat' dir='ltr'><strong>id</strong></span> <span class='ocrx_word' id='word_1_351' title='bbox 1329 2336 1384 2399; x_wconf 88' lang='lat' dir='ltr'><strong>est,</strong></span> <span class='ocrx_word' id='word_1_352' title='bbox 1398 2337 1431 2387; x_wconf 89' lang='lat' dir='ltr'><strong>ut</strong></span> <span class='ocrx_word' id='word_1_353' title='bbox 1454 2331 1483 2387; x_wconf 93' lang='lat' dir='ltr'><strong>in</strong></span> <span class='ocrx_word' id='word_1_354' title='bbox 1507 2349 1593 2405; x_wconf 90' lang='lat' dir='ltr'><strong>opere</strong></span> <span class='ocrx_word' id='word_1_355' title='bbox 1613 2333 1698 2405; x_wconf 88' lang='lat' dir='ltr'><strong>justi,</strong></span> <span class='ocrx_word' id='word_1_356' title='bbox 1714 2333 1746 2389; x_wconf 93' lang='lat' dir='ltr'><strong>in</strong></span> <span class='ocrx_word' id='word_1_357' title='bbox 1771 2337 1882 2409; x_wconf 77' lang='lat' dir='ltr'><strong>cogita·</strong></span> 
     </span>
     <span class='ocr_line' id='line_1_25' title="bbox 172 2419 1880 2497; baseline 0.001 -18"><span class='ocrx_word' id='word_1_358' title='bbox 172 2425 298 2497; x_wconf 87' lang='lat' dir='ltr'><strong>septima</strong></span> <span class='ocrx_word' id='word_1_359' title='bbox 324 2422 433 2494; x_wconf 87' lang='lat' dir='ltr'><strong>quievit</strong></span> <span class='ocrx_word' id='word_1_360' title='bbox 462 2421 491 2475; x_wconf 93' lang='lat' dir='ltr'><strong>in</strong></span> <span class='ocrx_word' id='word_1_361' title='bbox 520 2419 781 2492; x_wconf 87' lang='lat' dir='ltr'><strong>sepulcro,octava</strong></span> <span class='ocrx_word' id='word_1_362' title='bbox 809 2421 1000 2478; x_wconf 83' lang='lat' dir='ltr'><strong>resurrexita</strong></span> <span class='ocrx_word' id='word_1_363' title='bbox 1052 2422 1131 2477; x_wconf 93' lang='lat' dir='ltr'><strong>tione</strong></span> <span class='ocrx_word' id='word_1_364' title='bbox 1152 2419 1312 2491; x_wconf 90' lang='lat' dir='ltr'><strong>simplices,</strong></span> <span class='ocrx_word' id='word_1_365' title='bbox 1327 2421 1355 2476; x_wconf 93' lang='lat' dir='ltr'><strong>in</strong></span> <span class='ocrx_word' id='word_1_366' title='bbox 1382 2437 1516 2477; x_wconf 89' lang='lat' dir='ltr'><strong>sermone</strong></span> <span class='ocrx_word' id='word_1_367' title='bbox 1536 2422 1631 2478; x_wconf 89' lang='lat' dir='ltr'><strong>simus</strong></span> <span class='ocrx_word' id='word_1_368' title='bbox 1645 2440 1775 2480; x_wconf 89' lang='lat' dir='ltr'><strong>veraces.</strong></span> <span class='ocrx_word' id='word_1_369' title='bbox 1786 2427 1880 2490; x_wconf 88' lang='lat' dir='ltr'><strong>Quan-</strong></span> 
     </span>
     <span class='ocr_line' id='line_1_26' title="bbox 173 2509 1880 2584; baseline 0.001 -16"><span class='ocrx_word' id='word_1_370' title='bbox 173 2513 307 2579; x_wconf 87' lang='lat' dir='ltr'><strong>mortuis,</strong></span> <span class='ocrx_word' id='word_1_371' title='bbox 319 2520 347 2565; x_wconf 92' lang='lat' dir='ltr'><strong>et</strong></span> <span class='ocrx_word' id='word_1_372' title='bbox 359 2511 435 2565; x_wconf 91' lang='lat' dir='ltr'><strong>inter</strong></span> <span class='ocrx_word' id='word_1_373' title='bbox 449 2510 575 2565; x_wconf 93' lang='lat' dir='ltr'><strong>duorum</strong></span> <span class='ocrx_word' id='word_1_374' title='bbox 592 2509 706 2564; x_wconf 90' lang='lat' dir='ltr'><strong>dierum</strong></span> <span class='ocrx_word' id='word_1_375' title='bbox 723 2514 846 2580; x_wconf 86' lang='lat' dir='ltr'><strong>partem,</strong></span> <span class='ocrx_word' id='word_1_376' title='bbox 860 2509 919 2564; x_wconf 85' lang='lat' dir='ltr'><strong>sive</strong></span> <span class='ocrx_word' id='word_1_377' title='bbox 930 2511 1000 2566; x_wconf 89' lang='lat' dir='ltr'><strong>inte·</strong></span> <span class='ocrx_word' id='word_1_378' title='bbox 1056 2510 1114 2565; x_wconf 85' lang='lat' dir='ltr'><strong>do‘l</strong></span> <span class='ocrx_word' id='word_1_379' title='bbox 1129 2509 1215 2565; x_wconf 90' lang='lat' dir='ltr'><strong>Omni</strong></span> <span class='ocrx_word' id='word_1_380' title='bbox 1231 2514 1359 2581; x_wconf 86' lang='lat' dir='ltr'><strong>tempore</strong></span> <span class='ocrx_word' id='word_1_381' title='bbox 1375 2526 1381 2564; x_wconf 79' lang='grc' dir='ltr'><strong>ι</strong></span> <span class='ocrx_word' id='word_1_382' title='bbox 1397 2509 1541 2582; x_wconf 75' lang='lat' dir='ltr'><strong>praecipue</strong></span> <span class='ocrx_word' id='word_1_383' title='bbox 1559 2527 1626 2567; x_wconf 86' lang='lat' dir='ltr'><strong>vero</strong></span> <span class='ocrx_word' id='word_1_384' title='bbox 1640 2510 1670 2566; x_wconf 91' lang='lat' dir='ltr'><strong>in</strong></span> <span class='ocrx_word' id='word_1_385' title='bbox 1686 2512 1822 2584; x_wconf 83' lang='lat' dir='ltr'><strong>paschali</strong></span> <span class='ocrx_word' id='word_1_386' title='bbox 1836 2529 1880 2570; x_wconf 91' lang='lat' dir='ltr'><strong>so·</strong></span> 
     </span>
     <span class='ocr_line' id='line_1_27' title="bbox 172 2596 1881 2675; baseline 0.002 -19"><span class='ocrx_word' id='word_1_387' title='bbox 172 2603 308 2674; x_wconf 78' lang='lat' dir='ltr'><strong>gnitatem</strong></span> <span class='ocrx_word' id='word_1_388' title='bbox 325 2598 465 2663; x_wconf 87' lang='lat' dir='ltr'><strong>noctium,</strong></span> <span class='ocrx_word' id='word_1_389' title='bbox 479 2597 576 2653; x_wconf 89' lang='lat' dir='ltr'><strong>triduo</strong></span> <span class='ocrx_word' id='word_1_390' title='bbox 591 2598 664 2668; x_wconf 76' lang='grc'>(933)</span> <span class='ocrx_word' id='word_1_391' title='bbox 679 2601 712 2652; x_wconf 89' lang='lat' dir='ltr'><strong>ut</strong></span> <span class='ocrx_word' id='word_1_392' title='bbox 727 2597 908 2669; x_wconf 85' lang='lat' dir='ltr'><strong>promiserat,</strong></span> <span class='ocrx_word' id='word_1_393' title='bbox 921 2601 995 2654; x_wconf 79' lang='lat' dir='ltr'><em>m</em></span> <span class='ocrx_word' id='word_1_394' title='bbox 1052 2596 1213 2662; x_wconf 89' lang='lat' dir='ltr'><strong>lemnitate,</strong></span> <span class='ocrx_word' id='word_1_395' title='bbox 1225 2596 1280 2653; x_wconf 93' lang='lat' dir='ltr'><strong>hoc</strong></span> <span class='ocrx_word' id='word_1_396' title='bbox 1296 2603 1340 2653; x_wconf 88' lang='lat' dir='ltr'><strong>est</strong></span> <span class='ocrx_word' id='word_1_397' title='bbox 1355 2598 1435 2654; x_wconf 90' lang='lat' dir='ltr'><strong>omni</strong></span> <span class='ocrx_word' id='word_1_398' title='bbox 1451 2598 1602 2654; x_wconf 86' lang='lat' dir='ltr'><strong>Dominica</strong></span> <span class='ocrx_word' id='word_1_399' title='bbox 1618 2600 1687 2655; x_wconf 88' lang='lat' dir='ltr'><strong>anni</strong></span> <span class='ocrx_word' id='word_1_400' title='bbox 1702 2600 1811 2675; x_wconf 78' lang='lat' dir='ltr'><strong>integri</strong></span> <span class='ocrx_word' id='word_1_401' title='bbox 1825 2603 1881 2658; x_wconf 86' lang='lat' dir='ltr'><strong>dis.</strong></span> 
     </span>
     <span class='ocr_line' id='line_1_28' title="bbox 173 2684 1885 2760; baseline 0.003 -17"><span class='ocrx_word' id='word_1_402' title='bbox 173 2690 259 2747; x_wconf 86' lang='lat' dir='ltr'><strong>lacto.</strong></span> <span class='ocrx_word' id='word_1_403' title='bbox 285 2705 301 2742; x_wconf 88' lang='lat' dir='ltr'><strong>o</strong></span> <span class='ocrx_word' id='word_1_404' title='bbox 328 2686 416 2748; x_wconf 84' lang='lat' dir='ltr'><strong>corde,</strong></span> <span class='ocrx_word' id='word_1_405' title='bbox 439 2685 468 2739; x_wconf 91' lang='lat' dir='ltr'><strong>id</strong></span> <span class='ocrx_word' id='word_1_406' title='bbox 496 2689 541 2741; x_wconf 88' lang='lat' dir='ltr'><strong>est</strong></span> <span class='ocrx_word' id='word_1_407' title='bbox 569 2684 758 2741; x_wconf 86' lang='lat' dir='ltr'><strong>interioribus</strong></span> <span class='ocrx_word' id='word_1_408' title='bbox 784 2689 867 2743; x_wconf 76' lang='lat' dir='ltr'><strong>terra</strong></span> <span class='ocrx_word' id='word_1_409' title='bbox 887 2687 997 2758; x_wconf 82' lang='lat' dir='ltr'><strong>(Muttlr.</strong></span> <span class='ocrx_word' id='word_1_410' title='bbox 1052 2686 1177 2743; x_wconf 86' lang='lat' dir='ltr'><strong>Sienirn</strong></span> <span class='ocrx_word' id='word_1_411' title='bbox 1197 2686 1408 2742; x_wconf 87' lang='lat' dir='ltr'><strong>Dominicaest</strong></span> <span class='ocrx_word' id='word_1_412' title='bbox 1427 2686 1554 2754; x_wconf 88' lang='lat' dir='ltr'><strong>Domini,</strong></span> <span class='ocrx_word' id='word_1_413' title='bbox 1571 2687 1674 2760; x_wconf 88' lang='lat' dir='ltr'><strong>utique</strong></span> <span class='ocrx_word' id='word_1_414' title='bbox 1697 2705 1757 2745; x_wconf 91' lang='lat' dir='ltr'><strong>non</strong></span> <span class='ocrx_word' id='word_1_415' title='bbox 1783 2696 1885 2749; x_wconf 72' lang='lat' dir='ltr'><strong>nostra</strong></span> 
     </span>
     <span class='ocr_line' id='line_1_29' title="bbox 172 2772 1883 2845; baseline 0.004 -15"><span class='ocrx_word' id='word_1_416' title='bbox 172 2794 223 2845; x_wconf 80' lang='lat' dir='ltr'><strong>nn,</strong></span> <span class='ocrx_word' id='word_1_417' title='bbox 241 2778 285 2843; x_wconf 77' lang='lat'><strong>40)</strong></span> <span class='ocrx_word' id='word_1_418' title='bbox 301 2775 336 2830; x_wconf 90' lang='lat' dir='ltr'><strong>ad</strong></span> <span class='ocrx_word' id='word_1_419' title='bbox 360 2772 513 2845; x_wconf 88' lang='lat' dir='ltr'><strong>Apostolos</strong></span> <span class='ocrx_word' id='word_1_420' title='bbox 529 2773 624 2828; x_wconf 91' lang='lat' dir='ltr'><strong>rediit.</strong></span> <span class='ocrx_word' id='word_1_421' title='bbox 638 2772 711 2828; x_wconf 92' lang='lat' dir='ltr'><strong>llinc</strong></span> <span class='ocrx_word' id='word_1_422' title='bbox 735 2773 799 2845; x_wconf 90' lang='lat' dir='ltr'><strong>ipsu</strong></span> <span class='ocrx_word' id='word_1_423' title='bbox 814 2777 923 2841; x_wconf 80' lang='lat' dir='ltr'><strong>octava,</strong></span> <span class='ocrx_word' id='word_1_424' title='bbox 939 2775 999 2832; x_wconf 88' lang='lat' dir='ltr'><strong>sive</strong></span> <span class='ocrx_word' id='word_1_425' title='bbox 1052 2775 1115 2831; x_wconf 91' lang='lat' dir='ltr'><strong>dies</strong></span> <span class='ocrx_word' id='word_1_426' title='bbox 1131 2779 1193 2829; x_wconf 85' lang='lat' dir='ltr'><strong>est:</strong></span> <span class='ocrx_word' id='word_1_427' title='bbox 1206 2774 1236 2830; x_wconf 88' lang='lat' dir='ltr'><strong>Si</strong></span> <span class='ocrx_word' id='word_1_428' title='bbox 1252 2773 1364 2829; x_wconf 90' lang='lat' dir='ltr'><strong>Domini</strong></span> <span class='ocrx_word' id='word_1_429' title='bbox 1380 2777 1435 2843; x_wconf 87' lang='lat' dir='ltr'><strong>est,</strong></span> <span class='ocrx_word' id='word_1_430' title='bbox 1455 2773 1617 2831; x_wconf 87' lang='lat' dir='ltr'><strong>reverentia</strong></span> <span class='ocrx_word' id='word_1_431' title='bbox 1636 2776 1755 2833; x_wconf 89' lang='lat' dir='ltr'><strong>Domini</strong></span> <span class='ocrx_word' id='word_1_432' title='bbox 1771 2784 1818 2834; x_wconf 89' lang='lat' dir='ltr'><strong>est</strong></span> <span class='ocrx_word' id='word_1_433' title='bbox 1832 2778 1883 2836; x_wconf 90' lang='lat' dir='ltr'><strong>ho·</strong></span> 
     </span>
     <span class='ocr_line' id='line_1_30' title="bbox 174 2860 1883 2937; baseline 0.004 -19"><span class='ocrx_word' id='word_1_434' title='bbox 174 2865 269 2937; x_wconf 90' lang='lat' dir='ltr'><strong>prima</strong></span> <span class='ocrx_word' id='word_1_435' title='bbox 284 2863 355 2917; x_wconf 86' lang='lat' dir='ltr'><strong>ieria</strong></span> <span class='ocrx_word' id='word_1_436' title='bbox 369 2862 432 2917; x_wconf 91' lang='lat' dir='ltr'><strong>dies</strong></span> <span class='ocrx_word' id='word_1_437' title='bbox 446 2865 565 2916; x_wconf 87' lang='lat' dir='ltr'><strong>vocatur</strong></span> <span class='ocrx_word' id='word_1_438' title='bbox 588 2860 754 2927; x_wconf 87' lang='lat' dir='ltr'><strong>Dominiea;</strong></span> <span class='ocrx_word' id='word_1_439' title='bbox 772 2866 801 2917; x_wconf 94' lang='lat' dir='ltr'><strong>et</strong></span> <span class='ocrx_word' id='word_1_440' title='bbox 822 2862 851 2917; x_wconf 93' lang='lat' dir='ltr'><strong>in</strong></span> <span class='ocrx_word' id='word_1_441' title='bbox 867 2879 998 2934; x_wconf 88' lang='lat' dir='ltr'><strong>quoeun-</strong></span> <span class='ocrx_word' id='word_1_442' title='bbox 1052 2863 1192 2919; x_wconf 82' lang='lat' dir='ltr'><strong>uerenda.</strong></span> <span class='ocrx_word' id='word_1_443' title='bbox 1208 2862 1263 2918; x_wconf 85' lang='lat' dir='ltr'><strong>Sed</strong></span> <span class='ocrx_word' id='word_1_444' title='bbox 1286 2863 1372 2932; x_wconf 85' lang='lat' dir='ltr'><strong>eujus</strong></span> <span class='ocrx_word' id='word_1_445' title='bbox 1388 2863 1520 2918; x_wconf 82' lang='lat' dir='ltr'><strong>dominil</strong></span> <span class='ocrx_word' id='word_1_446' title='bbox 1536 2863 1654 2931; x_wconf 85' lang='lat' dir='ltr'><strong>lteveru,</strong></span> <span class='ocrx_word' id='word_1_447' title='bbox 1666 2865 1718 2937; x_wconf 91' lang='lat' dir='ltr'><strong>qui</strong></span> <span class='ocrx_word' id='word_1_448' title='bbox 1744 2883 1883 2925; x_wconf 88' lang='lat' dir='ltr'><strong>nuscum</strong></span> 
     </span>
     <span class='ocr_line' id='line_1_31' title="bbox 174 2949 1937 3025; baseline 0.005 -17"><span class='ocrx_word' id='word_1_449' title='bbox 174 2970 231 3025; x_wconf 90' lang='lat' dir='ltr'><strong>que</strong></span> <span class='ocrx_word' id='word_1_450' title='bbox 243 2951 437 3006; x_wconf 82' lang='lat' dir='ltr'><strong>Kalendarum</strong></span> <span class='ocrx_word' id='word_1_451' title='bbox 454 2949 501 3004; x_wconf 89' lang='lat' dir='ltr'><strong>die</strong></span> <span class='ocrx_word' id='word_1_452' title='bbox 515 2949 637 3016; x_wconf 89' lang='lat' dir='ltr'><strong>eveniat,</strong></span> <span class='ocrx_word' id='word_1_453' title='bbox 650 2965 765 3021; x_wconf 89' lang='lat' dir='ltr'><strong>semper</strong></span> <span class='ocrx_word' id='word_1_454' title='bbox 774 2956 819 3006; x_wconf 90' lang='lat' dir='ltr'><strong>est</strong></span> <span class='ocrx_word' id='word_1_455' title='bbox 832 2950 951 3019; x_wconf 82' lang='lat' dir='ltr'><strong>Pascha,</strong></span> <span class='ocrx_word' id='word_1_456' title='bbox 970 2952 998 3009; x_wconf 88' lang='lat' dir='ltr'><strong>id</strong></span> <span class='ocrx_word' id='word_1_457' title='bbox 1053 2968 1112 3007; x_wconf 90' lang='lat' dir='ltr'><strong>non</strong></span> <span class='ocrx_word' id='word_1_458' title='bbox 1127 2966 1260 3005; x_wconf 89' lang='lat' dir='ltr'><strong>essemus</strong></span> <span class='ocrx_word' id='word_1_459' title='bbox 1274 2950 1356 3017; x_wconf 88' lang='lat' dir='ltr'><strong>t&#39;ecit;</strong></span> <span class='ocrx_word' id='word_1_460' title='bbox 1373 2951 1424 3023; x_wconf 90' lang='lat' dir='ltr'><strong>qui</strong></span> <span class='ocrx_word' id='word_1_461' title='bbox 1444 2968 1497 3007; x_wconf 89' lang='lat' dir='ltr'><strong>nos</strong></span> <span class='ocrx_word' id='word_1_462' title='bbox 1512 2969 1579 3007; x_wconf 91' lang='lat' dir='ltr'><strong>cum</strong></span> <span class='ocrx_word' id='word_1_463' title='bbox 1600 2953 1705 3024; x_wconf 89' lang='lat' dir='ltr'><strong>perditi</strong></span> <span class='ocrx_word' id='word_1_464' title='bbox 1721 2954 1884 3014; x_wconf 79' lang='lat' dir='ltr'><strong>fuissemus</strong></span> <span class='ocrx_word' id='word_1_465' title='bbox 1912 2992 1937 3015; x_wconf 77' lang='grc'><strong>.-</strong></span> 
     </span>
     <span class='ocr_line' id='line_1_32' title="bbox 174 3037 1937 3118; baseline 0.003 -21"><span class='ocrx_word' id='word_1_466' title='bbox 174 3046 229 3107; x_wconf 89' lang='lat' dir='ltr'><strong>est,</strong></span> <span class='ocrx_word' id='word_1_467' title='bbox 245 3042 378 3097; x_wconf 70' lang='lat' dir='ltr'><strong>tremitur</strong></span> <span class='ocrx_word' id='word_1_468' title='bbox 394 3037 548 3094; x_wconf 84' lang='lat' dir='ltr'><strong>Domiaide</strong></span> <span class='ocrx_word' id='word_1_469' title='bbox 563 3042 655 3093; x_wconf 88' lang='lat' dir='ltr'><strong>morte</strong></span> <span class='ocrx_word' id='word_1_470' title='bbox 668 3038 703 3093; x_wconf 86' lang='lat' dir='ltr'><strong>ad</strong></span> <span class='ocrx_word' id='word_1_471' title='bbox 718 3037 818 3103; x_wconf 90' lang='lat' dir='ltr'><strong>vitam,</strong></span> <span class='ocrx_word' id='word_1_472' title='bbox 830 3043 858 3094; x_wconf 91' lang='lat' dir='ltr'><strong>et</strong></span> <span class='ocrx_word' id='word_1_473' title='bbox 871 3057 929 3096; x_wconf 94' lang='lat' dir='ltr'><strong>uno</strong></span> <span class='ocrx_word' id='word_1_474' title='bbox 940 3057 1001 3098; x_wconf 91' lang='lat' dir='ltr'><strong>mo-</strong></span> <span class='ocrx_word' id='word_1_475' title='bbox 1052 3039 1165 3107; x_wconf 86' lang='lat' dir='ltr'><strong>reiecit;</strong></span> <span class='ocrx_word' id='word_1_476' title='bbox 1183 3038 1233 3110; x_wconf 92' lang='lat' dir='ltr'><strong>qui</strong></span> <span class='ocrx_word' id='word_1_477' title='bbox 1249 3056 1301 3095; x_wconf 90' lang='lat' dir='ltr'><strong>nos</strong></span> <span class='ocrx_word' id='word_1_478' title='bbox 1317 3040 1472 3111; x_wconf 82' lang='lat' dir='ltr'><strong>gubernat,</strong></span> <span class='ocrx_word' id='word_1_479' title='bbox 1483 3040 1545 3106; x_wconf 89' lang='lat' dir='ltr'><strong>ulit,</strong></span> <span class='ocrx_word' id='word_1_480' title='bbox 1558 3041 1660 3108; x_wconf 86' lang='lat' dir='ltr'><strong>nutrit,</strong></span> <span class='ocrx_word' id='word_1_481' title='bbox 1673 3041 1821 3112; x_wconf 83' lang='lat' dir='ltr'><strong>delendit;</strong></span> <span class='ocrx_word' id='word_1_482' title='bbox 1833 3046 1883 3118; x_wconf 91' lang='lat' dir='ltr'><strong>qui</strong></span> <span class='ocrx_word' id='word_1_483' title='bbox 1892 3048 1937 3103; x_wconf 72' lang='lat' dir='ltr'>j</span> 
     </span>
     <span class='ocr_line' id='line_1_33' title="bbox 174 3113 1937 3201; baseline 0.003 -18"><span class='ocrx_word' id='word_1_484' title='bbox 174 3131 220 3196; x_wconf 89' lang='lat' dir='ltr'><strong>do,</strong></span> <span class='ocrx_word' id='word_1_485' title='bbox 234 3129 376 3201; x_wconf 89' lang='lat' dir='ltr'><strong>quidquid</strong></span> <span class='ocrx_word' id='word_1_486' title='bbox 393 3125 616 3192; x_wconf 84' lang='lat' dir='ltr'><strong>manduces‚vel</strong></span> <span class='ocrx_word' id='word_1_487' title='bbox 633 3125 727 3195; x_wconf 90' lang='lat' dir='ltr'><strong>bibus,</strong></span> <span class='ocrx_word' id='word_1_488' title='bbox 742 3131 787 3182; x_wconf 84' lang='lat' dir='ltr'><strong>est</strong></span> <span class='ocrx_word' id='word_1_489' title='bbox 808 3128 998 3185; x_wconf 86' lang='lat' dir='ltr'><strong>observanda.</strong></span> <span class='ocrx_word' id='word_1_490' title='bbox 1014 3113 1036 3180; x_wconf 85' lang='lat' dir='ltr'>C</span> <span class='ocrx_word' id='word_1_491' title='bbox 1055 3126 1143 3182; x_wconf 85' lang='lat' dir='ltr'><strong>vitam</strong></span> <span class='ocrx_word' id='word_1_492' title='bbox 1160 3132 1297 3194; x_wconf 85' lang='lat' dir='ltr'><strong>nostram,</strong></span> <span class='ocrx_word' id='word_1_493' title='bbox 1316 3143 1469 3199; x_wconf 89' lang='lat' dir='ltr'><strong>quousque</strong></span> <span class='ocrx_word' id='word_1_494' title='bbox 1493 3127 1535 3183; x_wconf 91' lang='lat' dir='ltr'><strong>illi</strong></span> <span class='ocrx_word' id='word_1_495' title='bbox 1560 3127 1712 3200; x_wconf 84' lang='lat' dir='ltr'><strong>placuerit,</strong></span> <span class='ocrx_word' id='word_1_496' title='bbox 1727 3131 1776 3187; x_wconf 92' lang='lat' dir='ltr'><strong>hic</strong></span> <span class='ocrx_word' id='word_1_497' title='bbox 1790 3134 1937 3189; x_wconf 89' lang='lat' dir='ltr'><strong>conti—</strong></span> 
     </span>
     <span class='ocr_line' id='line_1_34' title="bbox 174 3213 1937 3287; baseline 0.004 -14"><span class='ocrx_word' id='word_1_498' title='bbox 174 3218 256 3273; x_wconf 89' lang='lat' dir='ltr'><strong>Unde</strong></span> <span class='ocrx_word' id='word_1_499' title='bbox 267 3221 364 3272; x_wconf 88' lang='lat' dir='ltr'><strong>autem</strong></span> <span class='ocrx_word' id='word_1_500' title='bbox 375 3215 576 3271; x_wconf 78' lang='lat' dir='ltr'><strong>observanda?</strong></span> <span class='ocrx_word' id='word_1_501' title='bbox 586 3214 629 3269; x_wconf 92' lang='lat' dir='ltr'><strong>Ab</strong></span> <span class='ocrx_word' id='word_1_502' title='bbox 640 3231 725 3287; x_wconf 90' lang='lat' dir='ltr'><strong>opere</strong></span> <span class='ocrx_word' id='word_1_503' title='bbox 736 3216 844 3271; x_wconf 90' lang='lat' dir='ltr'><strong>servili.</strong></span> <span class='ocrx_word' id='word_1_504' title='bbox 854 3217 935 3282; x_wconf 88' lang='lat' dir='ltr'><strong>Quod</strong></span> <span class='ocrx_word' id='word_1_505' title='bbox 948 3235 998 3274; x_wconf 92' lang='lat' dir='ltr'><strong>au·</strong></span> <span class='ocrx_word' id='word_1_506' title='bbox 1053 3218 1116 3283; x_wconf 84' lang='lat' dir='ltr'><strong>net;</strong></span> <span class='ocrx_word' id='word_1_507' title='bbox 1132 3231 1200 3269; x_wconf 93' lang='lat' dir='ltr'><strong>cum</strong></span> <span class='ocrx_word' id='word_1_508' title='bbox 1210 3213 1346 3283; x_wconf 88' lang='lat' dir='ltr'><strong>voluerit,</strong></span> <span class='ocrx_word' id='word_1_509' title='bbox 1358 3232 1423 3271; x_wconf 88' lang='lat' dir='ltr'><strong>cam</strong></span> <span class='ocrx_word' id='word_1_510' title='bbox 1439 3215 1508 3272; x_wconf 91' lang='lat' dir='ltr'><strong>hinc</strong></span> <span class='ocrx_word' id='word_1_511' title='bbox 1525 3217 1660 3287; x_wconf 89' lang='lat' dir='ltr'><strong>mutabit,</strong></span> <span class='ocrx_word' id='word_1_512' title='bbox 1673 3222 1702 3275; x_wconf 85' lang='lat' dir='ltr'><strong>et</strong></span> <span class='ocrx_word' id='word_1_513' title='bbox 1713 3225 1767 3276; x_wconf 86' lang='lat' dir='ltr'><strong>aut</strong></span> <span class='ocrx_word' id='word_1_514' title='bbox 1781 3221 1937 3280; x_wconf 87' lang='lat' dir='ltr'><strong>melio—</strong></span> 
     </span>
     <span class='ocr_line' id='line_1_35' title="bbox 173 3302 1937 3385; baseline 0.005 -25"><span class='ocrx_word' id='word_1_515' title='bbox 173 3310 233 3361; x_wconf 85' lang='lat' dir='ltr'><strong>tom</strong></span> <span class='ocrx_word' id='word_1_516' title='bbox 242 3309 366 3375; x_wconf 87' lang='lat' dir='ltr'><strong>estopus</strong></span> <span class='ocrx_word' id='word_1_517' title='bbox 375 3302 730 3375; x_wconf 74' lang='lat' dir='ltr'><strong>servile&#39;lPeecatum2qui</strong></span> <span class='ocrx_word' id='word_1_518' title='bbox 739 3303 817 3359; x_wconf 92' lang='lat' dir='ltr'><strong>enim</strong></span> <span class='ocrx_word' id='word_1_519' title='bbox 828 3307 1000 3376; x_wconf 87' lang='lat' dir='ltr'><strong>peccat,dia·</strong></span> <span class='ocrx_word' id='word_1_520' title='bbox 1052 3320 1115 3359; x_wconf 90' lang='lat' dir='ltr'><strong>rem</strong></span> <span class='ocrx_word' id='word_1_521' title='bbox 1127 3320 1177 3376; x_wconf 91' lang='lat' dir='ltr'><strong>pro</strong></span> <span class='ocrx_word' id='word_1_522' title='bbox 1190 3303 1313 3369; x_wconf 88' lang='lat' dir='ltr'><strong>meritis,</strong></span> <span class='ocrx_word' id='word_1_523' title='bbox 1326 3309 1378 3359; x_wconf 88' lang='lat' dir='ltr'><strong>aut</strong></span> <span class='ocrx_word' id='word_1_524' title='bbox 1392 3305 1495 3360; x_wconf 88' lang='lat' dir='ltr'><strong>reddet</strong></span> <span class='ocrx_word' id='word_1_525' title='bbox 1510 3307 1637 3378; x_wconf 91' lang='lat' dir='ltr'><strong>pejorem</strong></span> <span class='ocrx_word' id='word_1_526' title='bbox 1652 3312 1823 3380; x_wconf 84' lang='lat' dir='ltr'><strong>:postremo</strong></span> <span class='ocrx_word' id='word_1_527' title='bbox 1835 3311 1937 3385; x_wconf 69' lang='lat' dir='ltr'><strong>quh</strong></span> 
     </span>
     <span class='ocr_line' id='line_1_36' title="bbox 172 3391 1937 3464; baseline 0.005 -14"><span class='ocrx_word' id='word_1_528' title='bbox 172 3392 238 3450; x_wconf 94' lang='lat' dir='ltr'><strong>bolo</strong></span> <span class='ocrx_word' id='word_1_529' title='bbox 255 3393 352 3449; x_wconf 77' lang='lat' dir='ltr'><strong>servit.</strong></span> <span class='ocrx_word' id='word_1_530' title='bbox 364 3392 394 3446; x_wconf 85' lang='lat' dir='ltr'><strong>Si</strong></span> <span class='ocrx_word' id='word_1_531' title='bbox 410 3408 478 3464; x_wconf 83' lang='lat' dir='ltr'><strong>ergo</strong></span> <span class='ocrx_word' id='word_1_532' title='bbox 494 3391 572 3446; x_wconf 92' lang='lat' dir='ltr'><strong>omui</strong></span> <span class='ocrx_word' id='word_1_533' title='bbox 590 3391 637 3446; x_wconf 90' lang='lat' dir='ltr'><strong>die</strong></span> <span class='ocrx_word' id='word_1_534' title='bbox 652 3391 802 3448; x_wconf 89' lang='lat' dir='ltr'><strong>Dominico</strong></span> <span class='ocrx_word' id='word_1_535' title='bbox 817 3397 860 3449; x_wconf 89' lang='lat' dir='ltr'><strong>est</strong></span> <span class='ocrx_word' id='word_1_536' title='bbox 876 3394 998 3464; x_wconf 87' lang='lat' dir='ltr'><strong>Pascha,</strong></span> <span class='ocrx_word' id='word_1_537' title='bbox 1053 3409 1107 3449; x_wconf 90' lang='lat' dir='ltr'><strong>nos</strong></span> <span class='ocrx_word' id='word_1_538' title='bbox 1117 3392 1273 3463; x_wconf 86' lang='lat' dir='ltr'><strong>judicabit,</strong></span> <span class='ocrx_word' id='word_1_539' title='bbox 1284 3398 1314 3448; x_wconf 89' lang='lat' dir='ltr'><strong>et</strong></span> <span class='ocrx_word' id='word_1_540' title='bbox 1327 3396 1379 3448; x_wconf 88' lang='lat' dir='ltr'><strong>aut</strong></span> <span class='ocrx_word' id='word_1_541' title='bbox 1393 3393 1424 3448; x_wconf 92' lang='lat' dir='ltr'><strong>in</strong></span> <span class='ocrx_word' id='word_1_542' title='bbox 1439 3393 1553 3451; x_wconf 90' lang='lat' dir='ltr'><strong>iulerno</strong></span> <span class='ocrx_word' id='word_1_543' title='bbox 1565 3394 1628 3451; x_wconf 89' lang='lat' dir='ltr'><strong>sine</strong></span> <span class='ocrx_word' id='word_1_544' title='bbox 1644 3396 1702 3452; x_wconf 84' lang='lat' dir='ltr'><strong>tine</strong></span> <span class='ocrx_word' id='word_1_545' title='bbox 1717 3398 1937 3457; x_wconf 74' lang='lat' dir='ltr'><strong>damnabit-‘l</strong></span> 
     </span>
     <span class='ocr_line' id='line_1_37' title="bbox 173 3479 1937 3561; baseline 0.003 -24"><span class='ocrx_word' id='word_1_546' title='bbox 173 3483 361 3556; x_wconf 75' lang='lat' dir='ltr'><strong>querendum</strong></span> <span class='ocrx_word' id='word_1_547' title='bbox 373 3481 442 3552; x_wconf 90' lang='lat' dir='ltr'><strong>quid</strong></span> <span class='ocrx_word' id='word_1_548' title='bbox 460 3480 544 3535; x_wconf 89' lang='lat' dir='ltr'><strong>nobis</strong></span> <span class='ocrx_word' id='word_1_549' title='bbox 560 3479 726 3535; x_wconf 88' lang='lat' dir='ltr'><strong>laciendum</strong></span> <span class='ocrx_word' id='word_1_550' title='bbox 741 3480 770 3536; x_wconf 94' lang='lat' dir='ltr'><strong>in</strong></span> <span class='ocrx_word' id='word_1_551' title='bbox 787 3497 830 3537; x_wconf 89' lang='lat' dir='ltr'><strong>ea.</strong></span> <span class='ocrx_word' id='word_1_552' title='bbox 841 3482 998 3554; x_wconf 83' lang='lat' dir='ltr'><strong>Apostolus</strong></span> <span class='ocrx_word' id='word_1_553' title='bbox 1052 3481 1147 3537; x_wconf 85' lang='lat' dir='ltr'><strong>autin</strong></span> <span class='ocrx_word' id='word_1_554' title='bbox 1164 3480 1235 3536; x_wconf 89' lang='lat' dir='ltr'><strong>coelo</strong></span> <span class='ocrx_word' id='word_1_555' title='bbox 1246 3479 1420 3536; x_wconf 75' lang='lat' dir='ltr'><strong>eternaliter</strong></span> <span class='ocrx_word' id='word_1_556' title='bbox 1429 3482 1592 3538; x_wconf 86' lang='lat' dir='ltr'><strong>coronabit.</strong></span> <span class='ocrx_word' id='word_1_557' title='bbox 1604 3483 1683 3540; x_wconf 86' lang='lat' dir='ltr'><strong>&#39;Palis</strong></span> <span class='ocrx_word' id='word_1_558' title='bbox 1698 3487 1778 3544; x_wconf 67' lang='grc'><strong>412</strong></span> <span class='ocrx_word' id='word_1_559' title='bbox 1795 3487 1898 3561; x_wconf 79' lang='lat' dir='ltr'><strong>igitur</strong></span> <span class='ocrx_word' id='word_1_560' title='bbox 1916 3505 1937 3543; x_wconf 84' lang='grc' dir='ltr'>ι</span> 
     </span>
     <span class='ocr_line' id='line_1_38' title="bbox 172 3568 1937 3650; baseline 0.005 -24"><span class='ocrx_word' id='word_1_561' title='bbox 172 3573 267 3626; x_wconf 84' lang='lat' dir='ltr'><strong>dicat:</strong></span> <span class='ocrx_word' id='word_1_562' title='bbox 284 3570 397 3636; x_wconf 78' lang='lat' dir='ltr'><strong>Pascha,</strong></span> <span class='ocrx_word' id='word_1_563' title='bbox 415 3568 638 3640; x_wconf 78' lang='lat' dir='ltr'><strong>inquit,Posrlro</strong></span> <span class='ocrx_word' id='word_1_564' title='bbox 652 3577 775 3624; x_wconf 78' lang='lat' dir='ltr'><strong>riostrum</strong></span> <span class='ocrx_word' id='word_1_565' title='bbox 790 3571 945 3627; x_wconf 75' lang='lat' dir='ltr'><strong>irnmolotus</strong></span> <span class='ocrx_word' id='word_1_566' title='bbox 960 3581 999 3630; x_wconf 80' lang='lat' dir='ltr'><strong>eet</strong></span> <span class='ocrx_word' id='word_1_567' title='bbox 1053 3586 1086 3625; x_wconf 87' lang='lat' dir='ltr'><strong>uo</strong></span> <span class='ocrx_word' id='word_1_568' title='bbox 1102 3574 1188 3626; x_wconf 80' lang='lat' dir='ltr'><strong>tante</strong></span> <span class='ocrx_word' id='word_1_569' title='bbox 1215 3570 1366 3642; x_wconf 83' lang='lat' dir='ltr'><strong>potestatis</strong></span> <span class='ocrx_word' id='word_1_570' title='bbox 1381 3569 1496 3626; x_wconf 91' lang='lat' dir='ltr'><strong>Domini</strong></span> <span class='ocrx_word' id='word_1_571' title='bbox 1512 3588 1578 3628; x_wconf 90' lang='lat' dir='ltr'><strong>cum</strong></span> <span class='ocrx_word' id='word_1_572' title='bbox 1608 3571 1669 3628; x_wconf 78' lang='lat' dir='ltr'><strong>heo</strong></span> <span class='ocrx_word' id='word_1_573' title='bbox 1698 3574 1740 3630; x_wconf 89' lang='lat' dir='ltr'><strong>sit</strong></span> <span class='ocrx_word' id='word_1_574' title='bbox 1767 3574 1937 3650; x_wconf 65' lang='lat' dir='ltr'><strong>proprio]</strong></span> 
     </span>
     <span class='ocr_line' id='line_1_39' title="bbox 174 3657 1937 3733; baseline 0.006 -20"><span class='ocrx_word' id='word_1_575' title='bbox 174 3661 295 3714; x_wconf 76' lang='lat' dir='ltr'><strong>Christus</strong></span> <span class='ocrx_word' id='word_1_576' title='bbox 306 3660 329 3728; x_wconf 88' lang='lat' dir='ltr'><strong>(l</strong></span> <span class='ocrx_word' id='word_1_577' title='bbox 336 3658 477 3725; x_wconf 81' lang='lat' dir='ltr'><strong>Cor.v,7).</strong></span> <span class='ocrx_word' id='word_1_578' title='bbox 488 3658 582 3720; x_wconf 75' lang='lat' dir='ltr'><strong>Quare</strong></span> <span class='ocrx_word' id='word_1_579' title='bbox 593 3657 704 3714; x_wconf 88' lang='lat' dir='ltr'><strong>Pascha</strong></span> <span class='ocrx_word' id='word_1_580' title='bbox 714 3663 759 3714; x_wconf 88' lang='lat' dir='ltr'><strong>est</strong></span> <span class='ocrx_word' id='word_1_581' title='bbox 768 3659 1000 3733; x_wconf 82' lang='lat' dir='ltr'><strong>Christus‘lquia</strong></span> <span class='ocrx_word' id='word_1_582' title='bbox 1052 3659 1125 3724; x_wconf 91' lang='lat' dir='ltr'><strong>dies,</strong></span> <span class='ocrx_word' id='word_1_583' title='bbox 1137 3658 1306 3724; x_wconf 87' lang='lat' dir='ltr'><strong>honoretur,</strong></span> <span class='ocrx_word' id='word_1_584' title='bbox 1318 3663 1352 3713; x_wconf 89' lang='lat' dir='ltr'><strong>ut</strong></span> <span class='ocrx_word' id='word_1_585' title='bbox 1366 3675 1431 3714; x_wconf 89' lang='lat' dir='ltr'><strong>cam</strong></span> <span class='ocrx_word' id='word_1_586' title='bbox 1449 3675 1500 3730; x_wconf 94' lang='lat' dir='ltr'><strong>pro</strong></span> <span class='ocrx_word' id='word_1_587' title='bbox 1513 3660 1646 3716; x_wconf 90' lang='lat' dir='ltr'><strong>decentia</strong></span> <span class='ocrx_word' id='word_1_588' title='bbox 1665 3663 1743 3719; x_wconf 87' lang='lat' dir='ltr'><strong>tanti</strong></span> <span class='ocrx_word' id='word_1_589' title='bbox 1767 3667 1937 3723; x_wconf 70' lang='lat' dir='ltr'><strong>Domina:</strong></span> 
     </span>
     <span class='ocr_line' id='line_1_40' title="bbox 172 3745 1937 3819; baseline 0.006 -20"><span class='ocrx_word' id='word_1_590' title='bbox 172 3747 341 3800; x_wconf 87' lang='lat' dir='ltr'><strong>immolatus</strong></span> <span class='ocrx_word' id='word_1_591' title='bbox 351 3745 499 3818; x_wconf 79' lang='lat' dir='ltr'><strong>(939).tlur</strong></span> <span class='ocrx_word' id='word_1_592' title='bbox 508 3745 697 3801; x_wconf 81' lang='lat' dir='ltr'><strong>immolatus?</strong></span> <span class='ocrx_word' id='word_1_593' title='bbox 709 3751 739 3801; x_wconf 90' lang='lat' dir='ltr'><strong>ut</strong></span> <span class='ocrx_word' id='word_1_594' title='bbox 750 3763 802 3819; x_wconf 90' lang='lat' dir='ltr'><strong>pro</strong></span> <span class='ocrx_word' id='word_1_595' title='bbox 813 3748 897 3804; x_wconf 90' lang='lat' dir='ltr'><strong>nobis</strong></span> <span class='ocrx_word' id='word_1_596' title='bbox 909 3765 999 3805; x_wconf 91' lang='lat' dir='ltr'><strong>more·</strong></span> <span class='ocrx_word' id='word_1_597' title='bbox 1052 3748 1143 3804; x_wconf 89' lang='lat' dir='ltr'><strong>decet.</strong></span> <span class='ocrx_word' id='word_1_598' title='bbox 1156 3747 1296 3803; x_wconf 91' lang='lat' dir='ltr'><strong>lionorari</strong></span> <span class='ocrx_word' id='word_1_599' title='bbox 1310 3764 1377 3802; x_wconf 89' lang='lat' dir='ltr'><strong>vero</strong></span> <span class='ocrx_word' id='word_1_600' title='bbox 1400 3748 1482 3803; x_wconf 90' lang='lat' dir='ltr'><strong>nullo</strong></span> <span class='ocrx_word' id='word_1_601' title='bbox 1502 3749 1589 3805; x_wconf 92' lang='lat' dir='ltr'><strong>modo</strong></span> <span class='ocrx_word' id='word_1_602' title='bbox 1606 3749 1661 3805; x_wconf 92' lang='lat' dir='ltr'><strong>nisi</strong></span> <span class='ocrx_word' id='word_1_603' title='bbox 1678 3751 1868 3810; x_wconf 87' lang='lat' dir='ltr'><strong>ordinabilite</strong></span> <span class='ocrx_word' id='word_1_604' title='bbox 1879 3766 1937 3809; x_wconf 77' lang='grc' dir='ltr'>ε</span> 
     </span>
     <span class='ocr_line' id='line_1_41' title="bbox 173 3832 1937 3908; baseline 0.007 -20"><span class='ocrx_word' id='word_1_605' title='bbox 173 3839 262 3889; x_wconf 88' lang='lat' dir='ltr'><strong>retur.</strong></span> <span class='ocrx_word' id='word_1_606' title='bbox 280 3833 360 3889; x_wconf 84' lang='lat' dir='ltr'><strong>Siout</strong></span> <span class='ocrx_word' id='word_1_607' title='bbox 375 3832 476 3904; x_wconf 91' lang='lat' dir='ltr'><strong>utique</strong></span> <span class='ocrx_word' id='word_1_608' title='bbox 491 3837 576 3889; x_wconf 87' lang='lat' dir='ltr'><strong>antea</strong></span> <span class='ocrx_word' id='word_1_609' title='bbox 594 3833 643 3889; x_wconf 90' lang='lat' dir='ltr'><strong>ille</strong></span> <span class='ocrx_word' id='word_1_610' title='bbox 666 3833 884 3901; x_wconf 88' lang='lat' dir='ltr'><strong>immolabatur,</strong></span> <span class='ocrx_word' id='word_1_611' title='bbox 901 3837 997 3908; x_wconf 77' lang='lat' dir='ltr'><strong>quus,</strong></span> <span class='ocrx_word' id='word_1_612' title='bbox 1051 3835 1137 3892; x_wconf 89' lang='lat' dir='ltr'><strong>valet.</strong></span> <span class='ocrx_word' id='word_1_613' title='bbox 1154 3835 1216 3891; x_wconf 92' lang='lat' dir='ltr'><strong>Nisi</strong></span> <span class='ocrx_word' id='word_1_614' title='bbox 1238 3835 1317 3891; x_wconf 90' lang='lat' dir='ltr'><strong>enim</strong></span> <span class='ocrx_word' id='word_1_615' title='bbox 1343 3851 1497 3908; x_wconf 88' lang='lat' dir='ltr'><strong>parasceve</strong></span> <span class='ocrx_word' id='word_1_616' title='bbox 1522 3837 1684 3894; x_wconf 85' lang='lat' dir='ltr'><strong>Sabbatum</strong></span> <span class='ocrx_word' id='word_1_617' title='bbox 1716 3844 1937 3900; x_wconf 55' lang='lat' dir='ltr'><strong>antecede*</strong></span> 
     </span>
     <span class='ocr_line' id='line_1_42' title="bbox 171 3922 1937 3995; baseline 0.006 -17"><span class='ocrx_word' id='word_1_618' title='bbox 171 3922 660 3994; x_wconf 73' lang='lat' dir='ltr'><strong>sunguineliberandusabAEgypto</strong></span> <span class='ocrx_word' id='word_1_619' title='bbox 671 3922 797 3994; x_wconf 90' lang='lat' dir='ltr'><strong>populus</strong></span> <span class='ocrx_word' id='word_1_620' title='bbox 807 3924 997 3995; x_wconf 81' lang='lat' dir='ltr'><strong>purgabatur,</strong></span> <span class='ocrx_word' id='word_1_621' title='bbox 1052 3924 1213 3980; x_wconf 86' lang='lat' dir='ltr'><strong>Sabbatum</strong></span> <span class='ocrx_word' id='word_1_622' title='bbox 1224 3924 1301 3979; x_wconf 90' lang='lat' dir='ltr'><strong>diem</strong></span> <span class='ocrx_word' id='word_1_623' title='bbox 1312 3923 1511 3995; x_wconf 89' lang='lat' dir='ltr'><strong>Dominicam;</strong></span> <span class='ocrx_word' id='word_1_624' title='bbox 1526 3925 1589 3982; x_wconf 89' lang='lat' dir='ltr'><strong>dies</strong></span> <span class='ocrx_word' id='word_1_625' title='bbox 1600 3943 1657 3983; x_wconf 90' lang='lat' dir='ltr'><strong>non</strong></span> <span class='ocrx_word' id='word_1_626' title='bbox 1674 3932 1721 3983; x_wconf 89' lang='lat' dir='ltr'><strong>est</strong></span> <span class='ocrx_word' id='word_1_627' title='bbox 1735 3927 1937 3988; x_wconf 68' lang='lat' dir='ltr'><strong>utinam-¹:</strong></span> 
     </span>
     <span class='ocr_line' id='line_1_43' title="bbox 169 4008 1213 4085; baseline 0 -18"><span class='ocrx_word' id='word_1_628' title='bbox 169 4011 210 4067; x_wconf 90' lang='lat' dir='ltr'><strong>ita</strong></span> <span class='ocrx_word' id='word_1_629' title='bbox 225 4029 292 4085; x_wconf 75' lang='lat' dir='ltr'><strong>crgo</strong></span> <span class='ocrx_word' id='word_1_630' title='bbox 308 4012 403 4067; x_wconf 81' lang='lat' dir='ltr'><strong>eliste</strong></span> <span class='ocrx_word' id='word_1_631' title='bbox 418 4016 571 4082; x_wconf 88' lang='lat' dir='ltr'><strong>propterea</strong></span> <span class='ocrx_word' id='word_1_632' title='bbox 581 4014 626 4064; x_wconf 88' lang='lat' dir='ltr'><strong>est</strong></span> <span class='ocrx_word' id='word_1_633' title='bbox 636 4008 857 4075; x_wconf 87' lang='lat' dir='ltr'><strong>immolatus,ut</strong></span> <span class='ocrx_word' id='word_1_634' title='bbox 872 4029 997 4069; x_wconf 90' lang='lat' dir='ltr'><strong>morere·</strong></span> <span class='ocrx_word' id='word_1_635' title='bbox 1052 4012 1213 4069; x_wconf 88' lang='lat' dir='ltr'><strong>Dominica.</strong></span> 
     </span>
     <span class='ocr_line' id='line_1_44' title="bbox 168 4098 1937 4178; baseline 0.006 -22"><span class='ocrx_word' id='word_1_636' title='bbox 168 4098 998 4173; x_wconf 84' lang='lat' dir='ltr'><strong>tur,pr0ptereaaccisus,utnospersanguinemipsius</strong></span> <span class='ocrx_word' id='word_1_637' title='bbox 1048 4132 1054 4141; x_wconf 88' lang='lat'><em>-</em></span> <span class='ocrx_word' id='word_1_638' title='bbox 1088 4101 1315 4166; x_wconf 81' lang='lat' dir='ltr'><strong>l.Quidautem</strong></span> <span class='ocrx_word' id='word_1_639' title='bbox 1338 4106 1382 4158; x_wconf 88' lang='lat' dir='ltr'><strong>est</strong></span> <span class='ocrx_word' id='word_1_640' title='bbox 1406 4103 1582 4172; x_wconf 77' lang='lat' dir='ltr'><strong>paraseeve?</strong></span> <span class='ocrx_word' id='word_1_641' title='bbox 1604 4104 1860 4178; x_wconf 88' lang='lat' dir='ltr'><strong>Apostolusdicat</strong></span> <span class='ocrx_word' id='word_1_642' title='bbox 1931 4122 1937 4160; x_wconf 62' lang='grc' dir='ltr'><strong>ι·</strong></span> 
     </span>
     <span class='ocr_line' id='line_1_45' title="bbox 167 4182 1931 4268; baseline 0.006 -23"><span class='ocrx_word' id='word_1_643' title='bbox 167 4205 184 4245; x_wconf 88' lang='lat' dir='ltr'><strong>a</strong></span> <span class='ocrx_word' id='word_1_644' title='bbox 200 4194 342 4245; x_wconf 86' lang='lat' dir='ltr'><strong>vastatore</strong></span> <span class='ocrx_word' id='word_1_645' title='bbox 358 4186 461 4241; x_wconf 84' lang='lat' dir='ltr'><strong>nruadi</strong></span> <span class='ocrx_word' id='word_1_646' title='bbox 486 4182 600 4256; x_wconf 87' lang='lat' dir='ltr'><strong>angelo,</strong></span> <span class='ocrx_word' id='word_1_647' title='bbox 613 4183 642 4238; x_wconf 91' lang='lat' dir='ltr'><strong>id</strong></span> <span class='ocrx_word' id='word_1_648' title='bbox 666 4188 710 4240; x_wconf 90' lang='lat' dir='ltr'><strong>est</strong></span> <span class='ocrx_word' id='word_1_649' title='bbox 726 4185 853 4252; x_wconf 90' lang='lat' dir='ltr'><strong>diabolo,</strong></span> <span class='ocrx_word' id='word_1_650' title='bbox 869 4187 997 4259; x_wconf 88' lang='lat' dir='ltr'><strong>liberati,</strong></span> <span class='ocrx_word' id='word_1_651' title='bbox 1051 4191 1150 4245; x_wconf 76' lang='lat' dir='ltr'><strong>l&#39;robet</strong></span> <span class='ocrx_word' id='word_1_652' title='bbox 1163 4193 1265 4258; x_wconf 83' lang='lat' dir='ltr'><strong>eutem,</strong></span> <span class='ocrx_word' id='word_1_653' title='bbox 1281 4189 1332 4259; x_wconf 89' lang='lat' dir='ltr'><strong>ait,</strong></span> <span class='ocrx_word' id='word_1_654' title='bbox 1347 4192 1468 4262; x_wconf 79' lang='lat' dir='ltr'><strong>seipsum</strong></span> <span class='ocrx_word' id='word_1_655' title='bbox 1492 4191 1582 4261; x_wconf 72' lang='lat' dir='ltr'><strong>lemno,</strong></span> <span class='ocrx_word' id='word_1_656' title='bbox 1598 4196 1625 4248; x_wconf 87' lang='lat' dir='ltr'><strong>et</strong></span> <span class='ocrx_word' id='word_1_657' title='bbox 1642 4195 1682 4251; x_wconf 82' lang='lat' dir='ltr'><strong>sie</strong></span> <span class='ocrx_word' id='word_1_658' title='bbox 1701 4194 1822 4268; x_wconf 82' lang='lat' dir='ltr'><strong>depone</strong></span> <span class='ocrx_word' id='word_1_659' title='bbox 1836 4192 1931 4255; x_wconf 63' lang='lat' dir='ltr'><strong>{tls</strong></span> 
     </span>
    </p>
   </div>
   <div class='ocr_carea' id='block_1_3' title="bbox 53 4320 1913 5693">
    <p class='ocr_par' dir='ltr' id='par_1_4' title="bbox 162 4320 1913 4829">
     <span class='ocr_line' id='line_1_46' title="bbox 201 4320 1913 4418; baseline 0.003 -32"><span class='ocrx_word' id='word_1_660' title='bbox 201 4333 274 4403; x_wconf 82' lang='grc'>(935)</span> <span class='ocrx_word' id='word_1_661' title='bbox 290 4330 361 4383; x_wconf 87' lang='lat' dir='ltr'><strong>lline</strong></span> <span class='ocrx_word' id='word_1_662' title='bbox 383 4325 525 4397; x_wconf 88' lang='lat' dir='ltr'><strong>suspicari</strong></span> <span class='ocrx_word' id='word_1_663' title='bbox 542 4324 619 4407; x_wconf 76' lang='lat' dir='ltr'><strong>licet,</strong></span> <span class='ocrx_word' id='word_1_664' title='bbox 633 4325 663 4381; x_wconf 90' lang='lat' dir='ltr'><strong>in</strong></span> <span class='ocrx_word' id='word_1_665' title='bbox 682 4325 842 4383; x_wconf 90' lang='lat' dir='ltr'><strong>Veronensi</strong></span> <span class='ocrx_word' id='word_1_666' title='bbox 867 4330 996 4388; x_wconf 81' lang='lat' dir='ltr'><strong>Ecclesia</strong></span> <span class='ocrx_word' id='word_1_667' title='bbox 1051 4336 1101 4387; x_wconf 88' lang='lat' dir='ltr'><strong>tur</strong></span> <span class='ocrx_word' id='word_1_668' title='bbox 1117 4320 1227 4388; x_wconf 85' lang='lat' dir='ltr'><strong>mensis</strong></span> <span class='ocrx_word' id='word_1_669' title='bbox 1243 4330 1319 4388; x_wconf 90' lang='lat' dir='ltr'><strong>diem</strong></span> <span class='ocrx_word' id='word_1_670' title='bbox 1343 4331 1480 4388; x_wconf 89' lang='lat' dir='ltr'><strong>inciderit</strong></span> <span class='ocrx_word' id='word_1_671' title='bbox 1493 4333 1657 4402; x_wconf 90' lang='lat' dir='ltr'><strong>Dominiea,</strong></span> <span class='ocrx_word' id='word_1_672' title='bbox 1672 4351 1733 4418; x_wconf 89' lang='lat' dir='ltr'><strong>qua</strong></span> <span class='ocrx_word' id='word_1_673' title='bbox 1747 4338 1913 4397; x_wconf 67' lang='lat' dir='ltr'><strong>Christus</strong></span> 
     </span>
     <span class='ocr_line' id='line_1_47' title="bbox 166 4395 1900 4482; baseline 0.006 -24"><span class='ocrx_word' id='word_1_674' title='bbox 166 4403 365 4471; x_wconf 85' lang='lat' dir='ltr'><strong>apostolorum</strong></span> <span class='ocrx_word' id='word_1_675' title='bbox 381 4397 550 4469; x_wconf 72' lang='lat' dir='ltr'><strong>Symbolum</strong></span> <span class='ocrx_word' id='word_1_676' title='bbox 566 4395 694 4469; x_wconf 79' lang='lat' dir='ltr'><strong>aliquam</strong></span> <span class='ocrx_word' id='word_1_677' title='bbox 719 4399 899 4457; x_wconf 87' lang='lat' dir='ltr'><strong>additionem</strong></span> <span class='ocrx_word' id='word_1_678' title='bbox 915 4420 993 4460; x_wconf 91' lang='lat' dir='ltr'><strong>rece·</strong></span> <span class='ocrx_word' id='word_1_679' title='bbox 1051 4403 1218 4470; x_wconf 86' lang='lat' dir='ltr'><strong>resurrexit,</strong></span> <span class='ocrx_word' id='word_1_680' title='bbox 1234 4403 1355 4459; x_wconf 89' lang='lat' dir='ltr'><strong>minime</strong></span> <span class='ocrx_word' id='word_1_681' title='bbox 1377 4404 1541 4460; x_wconf 86' lang='lat' dir='ltr'><strong>curandum</strong></span> <span class='ocrx_word' id='word_1_682' title='bbox 1567 4405 1726 4464; x_wconf 82' lang='lat' dir='ltr'><strong>liutherius</strong></span> <span class='ocrx_word' id='word_1_683' title='bbox 1749 4426 1900 4482; x_wconf 84' lang='lat' dir='ltr'><strong>pronun·</strong></span> 
     </span>
     <span class='ocr_line' id='line_1_48' title="bbox 164 4449 1113 4550; baseline 0.003 -24"><span class='ocrx_word' id='word_1_684' title='bbox 164 4474 253 4545; x_wconf 79' lang='lat' dir='ltr'><strong>pisse,</strong></span> <span class='ocrx_word' id='word_1_685' title='bbox 267 4472 308 4524; x_wconf 91' lang='lat' dir='ltr'><strong>uti</strong></span> <span class='ocrx_word' id='word_1_686' title='bbox 333 4468 451 4535; x_wconf 87' lang='lat' dir='ltr'><strong>alicubi,</strong></span> <span class='ocrx_word' id='word_1_687' title='bbox 464 4473 493 4524; x_wconf 90' lang='lat' dir='ltr'><strong>et</strong></span> <span class='ocrx_word' id='word_1_688' title='bbox 507 4469 534 4523; x_wconf 90' lang='lat' dir='ltr'><strong>in</strong></span> <span class='ocrx_word' id='word_1_689' title='bbox 552 4469 730 4550; x_wconf 87' lang='lat' dir='ltr'><strong>Aquileiensi</strong></span> <span class='ocrx_word' id='word_1_690' title='bbox 749 4473 909 4541; x_wconf 75' lang='lat' dir='ltr'><strong>praesertim</strong></span> <span class='ocrx_word' id='word_1_691' title='bbox 933 4492 993 4530; x_wconf 91' lang='lat' dir='ltr'><strong>me·</strong></span> <span class='ocrx_word' id='word_1_692' title='bbox 1010 4449 1033 4514; x_wconf 73' lang='lat' dir='ltr'><strong>D</strong></span> <span class='ocrx_word' id='word_1_693' title='bbox 1050 4475 1113 4530; x_wconf 87' lang='lat' dir='ltr'><strong>tiut.</strong></span> 
     </span>
     <span class='ocr_line' id='line_1_49' title="bbox 163 4541 1886 4621; baseline 0.006 -23"><span class='ocrx_word' id='word_1_694' title='bbox 163 4543 340 4613; x_wconf 85' lang='lat' dir='ltr'><strong>tropolitana</strong></span> <span class='ocrx_word' id='word_1_695' title='bbox 354 4541 477 4596; x_wconf 84' lang='lat' dir='ltr'><strong>ecclesia</strong></span> <span class='ocrx_word' id='word_1_696' title='bbox 499 4541 613 4595; x_wconf 83' lang='lat' dir='ltr'><strong>accidit.</strong></span> <span class='ocrx_word' id='word_1_697' title='bbox 629 4541 780 4610; x_wconf 80' lang='lat' dir='ltr'><strong>Ejusmodi</strong></span> <span class='ocrx_word' id='word_1_698' title='bbox 796 4550 894 4600; x_wconf 88' lang='lat' dir='ltr'><strong>autem</strong></span> <span class='ocrx_word' id='word_1_699' title='bbox 910 4546 991 4601; x_wconf 88' lang='lat' dir='ltr'><strong>addi·</strong></span> <span class='ocrx_word' id='word_1_700' title='bbox 1083 4546 1157 4617; x_wconf 86' lang='grc'>(938)</span> <span class='ocrx_word' id='word_1_701' title='bbox 1168 4542 1266 4617; x_wconf 80' lang='lat' dir='ltr'><strong>Vulg..</strong></span> <span class='ocrx_word' id='word_1_702' title='bbox 1283 4547 1309 4599; x_wconf 83' lang='lat' dir='ltr'><strong>et</strong></span> <span class='ocrx_word' id='word_1_703' title='bbox 1330 4546 1404 4600; x_wconf 81' lang='lat' dir='ltr'><strong>inter</strong></span> <span class='ocrx_word' id='word_1_704' title='bbox 1424 4545 1667 4603; x_wconf 65' lang='lat' dir='ltr'><strong>deorumdecrum</strong></span> <span class='ocrx_word' id='word_1_705' title='bbox 1707 4554 1808 4621; x_wconf 72' lang='lat' dir='ltr'><strong>reem,</strong></span> <span class='ocrx_word' id='word_1_706' title='bbox 1824 4555 1886 4611; x_wconf 79' lang='lat' dir='ltr'><strong>sire</strong></span> 
     </span>
     <span class='ocr_line' id='line_1_50' title="bbox 163 4565 1876 4693; baseline 0.007 -25"><span class='ocrx_word' id='word_1_707' title='bbox 163 4618 294 4669; x_wconf 82' lang='lat' dir='ltr'><strong>taurento</strong></span> <span class='ocrx_word' id='word_1_708' title='bbox 310 4630 376 4667; x_wconf 86' lang='lat' dir='ltr'><strong>cum</strong></span> <span class='ocrx_word' id='word_1_709' title='bbox 392 4611 556 4693; x_wconf 77' lang='lat' dir='ltr'><strong>aliatherio</strong></span> <span class='ocrx_word' id='word_1_710' title='bbox 572 4629 628 4667; x_wconf 92' lang='lat' dir='ltr'><strong>nou</strong></span> <span class='ocrx_word' id='word_1_711' title='bbox 638 4612 848 4693; x_wconf 87' lang='lat' dir='ltr'><strong>probarentur,</strong></span> <span class='ocrx_word' id='word_1_712' title='bbox 864 4616 900 4670; x_wconf 90' lang='lat' dir='ltr'><strong>ud</strong></span> <span class='ocrx_word' id='word_1_713' title='bbox 917 4617 993 4688; x_wconf 86' lang='lat' dir='ltr'><strong>psal·</strong></span> <span class='ocrx_word' id='word_1_714' title='bbox 1045 4620 1133 4671; x_wconf 82' lang='lat' dir='ltr'><strong>lrzum</strong></span> <span class='ocrx_word' id='word_1_715' title='bbox 1147 4617 1334 4684; x_wconf 78' lang='lat' dir='ltr'><strong>intepritolcm</strong></span> <span class='ocrx_word' id='word_1_716' title='bbox 1358 4618 1488 4683; x_wconf 81' lang='lat' dir='ltr'><strong>noctium,</strong></span> <span class='ocrx_word' id='word_1_717' title='bbox 1505 4619 1546 4674; x_wconf 83' lang='lat' dir='ltr'><strong>ool</strong></span> <span class='ocrx_word' id='word_1_718' title='bbox 1570 4619 1671 4677; x_wconf 80' lang='lat' dir='ltr'><strong>triduo.</strong></span> <span class='ocrx_word' id='word_1_719' title='bbox 1686 4565 1730 4677; x_wconf 58' lang='lat' dir='ltr'><strong>Dr</strong></span> <span class='ocrx_word' id='word_1_720' title='bbox 1745 4639 1794 4679; x_wconf 88' lang='lat' dir='ltr'><strong>ms</strong></span> <span class='ocrx_word' id='word_1_721' title='bbox 1818 4623 1876 4682; x_wconf 86' lang='lat' dir='ltr'><strong>Pri·</strong></span> 
     </span>
     <span class='ocr_line' id='line_1_51' title="bbox 162 4684 1870 4764; baseline 0.008 -26"><span class='ocrx_word' id='word_1_722' title='bbox 162 4685 235 4739; x_wconf 88' lang='lat' dir='ltr'><strong>teria</strong></span> <span class='ocrx_word' id='word_1_723' title='bbox 251 4690 380 4738; x_wconf 87' lang='lat' dir='ltr'><strong>correcta</strong></span> <span class='ocrx_word' id='word_1_724' title='bbox 404 4684 526 4749; x_wconf 78' lang='lat' dir='ltr'><strong>remisit,</strong></span> <span class='ocrx_word' id='word_1_725' title='bbox 543 4701 572 4738; x_wconf 88' lang='lat' dir='ltr'><strong>ru</strong></span> <span class='ocrx_word' id='word_1_726' title='bbox 595 4686 704 4755; x_wconf 80' lang='lat' dir='ltr'><strong>quibus</strong></span> <span class='ocrx_word' id='word_1_727' title='bbox 729 4685 804 4740; x_wconf 85' lang='lat' dir='ltr'><strong>idem</strong></span> <span class='ocrx_word' id='word_1_728' title='bbox 818 4686 990 4759; x_wconf 78' lang='lat' dir='ltr'><strong>Symbolum</strong></span> <span class='ocrx_word' id='word_1_729' title='bbox 1046 4687 1176 4759; x_wconf 81' lang='lat' dir='ltr'><strong>singensi</strong></span> <span class='ocrx_word' id='word_1_730' title='bbox 1192 4686 1358 4743; x_wconf 82' lang='lat' dir='ltr'><strong>deserimus</strong></span> <span class='ocrx_word' id='word_1_731' title='bbox 1373 4689 1469 4754; x_wconf 85' lang='lat' dir='ltr'><strong>trium,</strong></span> <span class='ocrx_word' id='word_1_732' title='bbox 1481 4701 1510 4743; x_wconf 86' lang='lat' dir='ltr'><strong>et</strong></span> <span class='ocrx_word' id='word_1_733' title='bbox 1524 4690 1565 4745; x_wconf 85' lang='lat' dir='ltr'><strong>oet</strong></span> <span class='ocrx_word' id='word_1_734' title='bbox 1577 4696 1643 4746; x_wconf 90' lang='lat' dir='ltr'><strong>ante</strong></span> <span class='ocrx_word' id='word_1_735' title='bbox 1656 4707 1759 4748; x_wconf 88' lang='lat' dir='ltr'><strong>vocem</strong></span> <span class='ocrx_word' id='word_1_736' title='bbox 1776 4697 1870 4764; x_wconf 75' lang='lat' dir='ltr'><strong>truitae,</strong></span> 
     </span>
     <span class='ocr_line' id='line_1_52' title="bbox 163 4754 1869 4829; baseline 0.008 -19"><span class='ocrx_word' id='word_1_737' title='bbox 163 4754 344 4824; x_wconf 67' lang='lat' dir='ltr'><strong>descriptum</strong></span> <span class='ocrx_word' id='word_1_738' title='bbox 360 4759 431 4809; x_wconf 89' lang='lat' dir='ltr'><strong>erat.</strong></span> <span class='ocrx_word' id='word_1_739' title='bbox 1045 4759 1095 4813; x_wconf 89' lang='lat' dir='ltr'><strong>ubi</strong></span> <span class='ocrx_word' id='word_1_740' title='bbox 1112 4763 1209 4812; x_wconf 87' lang='lat' dir='ltr'><strong>tamen</strong></span> <span class='ocrx_word' id='word_1_741' title='bbox 1225 4758 1267 4812; x_wconf 81' lang='lat' dir='ltr'><strong>ool</strong></span> <span class='ocrx_word' id='word_1_742' title='bbox 1283 4758 1470 4829; x_wconf 69' lang='lat' dir='ltr'><strong>prae-mittitur</strong></span> <span class='ocrx_word' id='word_1_743' title='bbox 1489 4761 1552 4816; x_wconf 88' lang='lat' dir='ltr'><strong>voci</strong></span> <span class='ocrx_word' id='word_1_744' title='bbox 1571 4763 1703 4817; x_wconf 84' lang='lat' dir='ltr'><strong>noctium.</strong></span> <span class='ocrx_word' id='word_1_745' title='bbox 1721 4765 1751 4820; x_wconf 83' lang='lat' dir='ltr'><strong>Si</strong></span> <span class='ocrx_word' id='word_1_746' title='bbox 1779 4773 1869 4823; x_wconf 85' lang='lat' dir='ltr'><strong>autem</strong></span> 
     </span>
    </p>

    <p class='ocr_par' dir='ltr' id='par_1_5' title="bbox 157 4824 1870 5182">
     <span class='ocr_line' id='line_1_53' title="bbox 196 4824 1870 4904; baseline 0.01 -25"><span class='ocrx_word' id='word_1_747' title='bbox 196 4828 269 4892; x_wconf 77' lang='grc'>(939)</span> <span class='ocrx_word' id='word_1_748' title='bbox 288 4826 370 4897; x_wconf 74' lang='lat' dir='ltr'><strong>Vulg.</strong></span> <span class='ocrx_word' id='word_1_749' title='bbox 384 4826 433 4880; x_wconf 82' lang='lat' dir='ltr'><strong>illo</strong></span> <span class='ocrx_word' id='word_1_750' title='bbox 445 4827 553 4895; x_wconf 70' lang='lat' dir='ltr'><strong>fratres.</strong></span> <span class='ocrx_word' id='word_1_751' title='bbox 569 4824 753 4880; x_wconf 70' lang='lat' dir='ltr'><strong>correximus</strong></span> <span class='ocrx_word' id='word_1_752' title='bbox 766 4843 823 4882; x_wconf 90' lang='lat' dir='ltr'><strong>uon</strong></span> <span class='ocrx_word' id='word_1_753' title='bbox 840 4827 936 4883; x_wconf 87' lang='lat' dir='ltr'><strong>solum</strong></span> <span class='ocrx_word' id='word_1_754' title='bbox 953 4847 988 4884; x_wconf 82' lang='lat' dir='ltr'><strong>ex</strong></span> <span class='ocrx_word' id='word_1_755' title='bbox 1044 4846 1097 4884; x_wconf 86' lang='lat' dir='ltr'><strong>vox</strong></span> <span class='ocrx_word' id='word_1_756' title='bbox 1113 4831 1198 4884; x_wconf 83' lang='lat' dir='ltr'><strong>trium</strong></span> <span class='ocrx_word' id='word_1_757' title='bbox 1213 4833 1290 4883; x_wconf 83' lang='lat' dir='ltr'><strong>esset</strong></span> <span class='ocrx_word' id='word_1_758' title='bbox 1310 4829 1470 4898; x_wconf 85' lang='lat' dir='ltr'><strong>retinendo,</strong></span> <span class='ocrx_word' id='word_1_759' title='bbox 1483 4830 1646 4904; x_wconf 82' lang='lat' dir='ltr'><strong>legeremus</strong></span> <span class='ocrx_word' id='word_1_760' title='bbox 1670 4833 1814 4894; x_wconf 89' lang='lat' dir='ltr'><strong>libentius</strong></span> <span class='ocrx_word' id='word_1_761' title='bbox 1829 4846 1870 4895; x_wconf 80' lang='lat' dir='ltr'><strong>:et</strong></span> 
     </span>
     <span class='ocr_line' id='line_1_54' title="bbox 160 4896 1868 4976; baseline 0.008 -26"><span class='ocrx_word' id='word_1_762' title='bbox 160 4914 215 4952; x_wconf 86' lang='lat' dir='ltr'><strong>ms.</strong></span> <span class='ocrx_word' id='word_1_763' title='bbox 230 4897 418 4969; x_wconf 75' lang='lat' dir='ltr'><strong>l&#39;risingrnsi,</strong></span> <span class='ocrx_word' id='word_1_764' title='bbox 430 4913 531 4951; x_wconf 90' lang='lat' dir='ltr'><strong>verum</strong></span> <span class='ocrx_word' id='word_1_765' title='bbox 547 4896 634 4951; x_wconf 89' lang='lat' dir='ltr'><strong>etiam</strong></span> <span class='ocrx_word' id='word_1_766' title='bbox 650 4913 684 4952; x_wconf 87' lang='lat' dir='ltr'><strong>ex</strong></span> <span class='ocrx_word' id='word_1_767' title='bbox 699 4898 845 4953; x_wconf 78' lang='lat' dir='ltr'><strong>itinerario</strong></span> <span class='ocrx_word' id='word_1_768' title='bbox 862 4917 942 4954; x_wconf 86' lang='lat' dir='ltr'><strong>nurn.</strong></span> <span class='ocrx_word' id='word_1_769' title='bbox 956 4902 985 4967; x_wconf 85' lang='grc'><strong>9,</strong></span> <span class='ocrx_word' id='word_1_770' title='bbox 1044 4903 1116 4955; x_wconf 68' lang='lat' dir='ltr'><strong>irater</strong></span> <span class='ocrx_word' id='word_1_771' title='bbox 1132 4901 1217 4955; x_wconf 86' lang='lat' dir='ltr'><strong>trium</strong></span> <span class='ocrx_word' id='word_1_772' title='bbox 1231 4899 1338 4954; x_wconf 86' lang='lat' dir='ltr'><strong>dierum</strong></span> <span class='ocrx_word' id='word_1_773' title='bbox 1351 4911 1467 4970; x_wconf 82' lang='lat' dir='ltr'><strong>purtem.</strong></span> <span class='ocrx_word' id='word_1_774' title='bbox 1482 4904 1539 4957; x_wconf 76' lang='lat' dir='ltr'><strong>stoc</strong></span> <span class='ocrx_word' id='word_1_775' title='bbox 1553 4903 1673 4959; x_wconf 84' lang='lat' dir='ltr'><strong>duorum</strong></span> <span class='ocrx_word' id='word_1_776' title='bbox 1687 4906 1868 4976; x_wconf 75' lang='lat' dir='ltr'><strong>inthritotoo</strong></span> 
     </span>
     <span class='ocr_line' id='line_1_55' title="bbox 157 4967 1868 5053; baseline 0.008 -32"><span class='ocrx_word' id='word_1_777' title='bbox 157 4968 188 5022; x_wconf 93' lang='lat' dir='ltr'><strong>in</strong></span> <span class='ocrx_word' id='word_1_778' title='bbox 205 4986 262 5040; x_wconf 89' lang='lat' dir='ltr'><strong>quo</strong></span> <span class='ocrx_word' id='word_1_779' title='bbox 278 4970 331 5023; x_wconf 83' lang='lat' dir='ltr'><strong>lroe</strong></span> <span class='ocrx_word' id='word_1_780' title='bbox 348 4968 475 5039; x_wconf 88' lang='lat' dir='ltr'><strong>primum</strong></span> <span class='ocrx_word' id='word_1_781' title='bbox 492 4969 568 5040; x_wconf 77' lang='lat' dir='ltr'><strong>Syna</strong></span> <span class='ocrx_word' id='word_1_782' title='bbox 579 4967 640 5022; x_wconf 74' lang='lat' dir='ltr'><strong>ltere</strong></span> <span class='ocrx_word' id='word_1_783' title='bbox 656 4968 816 5038; x_wconf 86' lang='lat' dir='ltr'><strong>capitulum</strong></span> <span class='ocrx_word' id='word_1_784' title='bbox 832 4971 983 5027; x_wconf 83' lang='lat' dir='ltr'><strong>recitatur.</strong></span> <span class='ocrx_word' id='word_1_785' title='bbox 1042 4975 1173 5035; x_wconf 68' lang='lat' dir='ltr'><strong>strictiore,</strong></span> <span class='ocrx_word' id='word_1_786' title='bbox 1189 4971 1290 5039; x_wconf 82' lang='lat' dir='ltr'><strong>triduo,</strong></span> <span class='ocrx_word' id='word_1_787' title='bbox 1302 4977 1355 5025; x_wconf 90' lang='lat' dir='ltr'><strong>eto.</strong></span> <span class='ocrx_word' id='word_1_788' title='bbox 1379 4972 1445 5027; x_wconf 87' lang='lat' dir='ltr'><strong>lllox</strong></span> <span class='ocrx_word' id='word_1_789' title='bbox 1458 4973 1551 5042; x_wconf 83' lang='lat' dir='ltr'><strong>rediit,</strong></span> <span class='ocrx_word' id='word_1_790' title='bbox 1567 4981 1597 5031; x_wconf 88' lang='lat' dir='ltr'><strong>et</strong></span> <span class='ocrx_word' id='word_1_791' title='bbox 1619 4978 1728 5032; x_wconf 82' lang='lat' dir='ltr'><strong>eueniet</strong></span> <span class='ocrx_word' id='word_1_792' title='bbox 1753 4980 1868 5053; x_wconf 86' lang='lat' dir='ltr'><strong>scripsi·</strong></span> 
     </span>
     <span class='ocr_line' id='line_1_56' title="bbox 158 5039 1870 5124; baseline 0.009 -31"><span class='ocrx_word' id='word_1_793' title='bbox 158 5039 985 5111; x_wconf 77' lang='lat' dir='ltr'><strong>Deinprorimeexeodemllineroriuemendavimus:le·</strong></span> <span class='ocrx_word' id='word_1_794' title='bbox 1043 5059 1110 5096; x_wconf 88' lang='lat' dir='ltr'><strong>mus</strong></span> <span class='ocrx_word' id='word_1_795' title='bbox 1139 5059 1173 5096; x_wconf 82' lang='lat' dir='ltr'><strong>ex</strong></span> <span class='ocrx_word' id='word_1_796' title='bbox 1198 5042 1298 5096; x_wconf 90' lang='lat' dir='ltr'><strong>eodem</strong></span> <span class='ocrx_word' id='word_1_797' title='bbox 1324 5059 1379 5098; x_wconf 91' lang='lat' dir='ltr'><strong>ms.</strong></span> <span class='ocrx_word' id='word_1_798' title='bbox 1397 5043 1533 5118; x_wconf 72' lang='lat' dir='ltr'><strong>roising,</strong></span> <span class='ocrx_word' id='word_1_799' title='bbox 1550 5061 1617 5101; x_wconf 92' lang='lat' dir='ltr'><strong>cum</strong></span> <span class='ocrx_word' id='word_1_800' title='bbox 1642 5046 1673 5101; x_wconf 91' lang='lat' dir='ltr'><strong>in</strong></span> <span class='ocrx_word' id='word_1_801' title='bbox 1699 5047 1780 5124; x_wconf 77' lang='lat' dir='ltr'><strong>vulg.</strong></span> <span class='ocrx_word' id='word_1_802' title='bbox 1799 5058 1870 5109; x_wconf 81' lang='lat' dir='ltr'><strong>esset</strong></span> 
     </span>
     <span class='ocr_line' id='line_1_57' title="bbox 161 5112 1310 5182; baseline 0.003 -19"><span class='ocrx_word' id='word_1_803' title='bbox 161 5112 285 5182; x_wconf 72' lang='lat' dir='ltr'><strong>gelnrtur</strong></span> <span class='ocrx_word' id='word_1_804' title='bbox 300 5113 436 5182; x_wconf 70' lang='lat' dir='ltr'><strong>prosimu.</strong></span> <span class='ocrx_word' id='word_1_805' title='bbox 1041 5112 1122 5175; x_wconf 86' lang='lat' dir='ltr'><strong>redit,</strong></span> <span class='ocrx_word' id='word_1_806' title='bbox 1135 5117 1164 5168; x_wconf 89' lang='lat' dir='ltr'><strong>et</strong></span> <span class='ocrx_word' id='word_1_807' title='bbox 1178 5114 1310 5168; x_wconf 73' lang='lat' dir='ltr'><strong>aeneo.</strong></span> 
     </span>
    </p>

    <p class='ocr_par' dir='ltr' id='par_1_6' title="bbox 157 5178 1870 5403">
     <span class='ocr_line' id='line_1_58' title="bbox 194 5178 1868 5256; baseline 0.007 -21"><span class='ocrx_word' id='word_1_808' title='bbox 194 5182 267 5251; x_wconf 83' lang='grc'>(937)</span> <span class='ocrx_word' id='word_1_809' title='bbox 281 5182 323 5236; x_wconf 88' lang='lat' dir='ltr'><strong>lta</strong></span> <span class='ocrx_word' id='word_1_810' title='bbox 337 5182 426 5236; x_wconf 83' lang='lat' dir='ltr'><strong>codex</strong></span> <span class='ocrx_word' id='word_1_811' title='bbox 442 5179 646 5252; x_wconf 83' lang='lat' dir='ltr'><strong>Frisingeusis.</strong></span> <span class='ocrx_word' id='word_1_812' title='bbox 662 5178 760 5252; x_wconf 67' lang='lat' dir='ltr'><strong>vulg„</strong></span> <span class='ocrx_word' id='word_1_813' title='bbox 777 5183 808 5237; x_wconf 84' lang='lat' dir='ltr'><strong>in</strong></span> <span class='ocrx_word' id='word_1_814' title='bbox 824 5198 863 5250; x_wconf 84' lang='lat' dir='ltr'><strong>eo,</strong></span> <span class='ocrx_word' id='word_1_815' title='bbox 882 5199 986 5256; x_wconf 88' lang='lat' dir='ltr'><strong>perpe·</strong></span> <span class='ocrx_word' id='word_1_816' title='bbox 1076 5183 1150 5254; x_wconf 87' lang='grc'>(939)</span> <span class='ocrx_word' id='word_1_817' title='bbox 1162 5184 1301 5238; x_wconf 84' lang='lat' dir='ltr'><strong>Aeherius</strong></span> <span class='ocrx_word' id='word_1_818' title='bbox 1309 5199 1360 5254; x_wconf 90' lang='lat' dir='ltr'><strong>pro</strong></span> <span class='ocrx_word' id='word_1_819' title='bbox 1370 5185 1626 5243; x_wconf 80' lang='lat' dir='ltr'><strong>nobisimmolctus.</strong></span> <span class='ocrx_word' id='word_1_820' title='bbox 1640 5189 1777 5246; x_wconf 86' lang='lat' dir='ltr'><strong>Hocloeo</strong></span> <span class='ocrx_word' id='word_1_821' title='bbox 1787 5207 1868 5248; x_wconf 82' lang='lat' dir='ltr'><strong>voees</strong></span> 
     </span>
     <span class='ocr_line' id='line_1_59' title="bbox 159 5250 1870 5333; baseline 0.008 -27"><span class='ocrx_word' id='word_1_822' title='bbox 159 5268 232 5307; x_wconf 79' lang='lat' dir='ltr'><strong>iarn.</strong></span> <span class='ocrx_word' id='word_1_823' title='bbox 246 5253 311 5306; x_wconf 70' lang='lat' dir='ltr'><strong>llos·</strong></span> <span class='ocrx_word' id='word_1_824' title='bbox 325 5253 353 5306; x_wconf 83' lang='lat' dir='ltr'><strong>io</strong></span> <span class='ocrx_word' id='word_1_825' title='bbox 366 5253 463 5323; x_wconf 76' lang='lat' dir='ltr'><strong>parides</strong></span> <span class='ocrx_word' id='word_1_826' title='bbox 473 5250 600 5307; x_wconf 80' lang='lat' dir='ltr'><strong>Kalendis</strong></span> <span class='ocrx_word' id='word_1_827' title='bbox 614 5250 691 5305; x_wconf 87' lang='lat' dir='ltr'><strong>idem</strong></span> <span class='ocrx_word' id='word_1_828' title='bbox 702 5258 747 5307; x_wconf 86' lang='lat' dir='ltr'><strong>est</strong></span> <span class='ocrx_word' id='word_1_829' title='bbox 757 5268 791 5308; x_wconf 89' lang='lat' dir='ltr'><strong>ac</strong></span> <span class='ocrx_word' id='word_1_830' title='bbox 806 5254 836 5307; x_wconf 83' lang='lat' dir='ltr'><strong>iu</strong></span> <span class='ocrx_word' id='word_1_831' title='bbox 846 5270 898 5326; x_wconf 83' lang='lat' dir='ltr'><strong>quo</strong></span> <span class='ocrx_word' id='word_1_832' title='bbox 908 5272 986 5310; x_wconf 73' lang='lat' dir='ltr'><strong>rnen·</strong></span> <span class='ocrx_word' id='word_1_833' title='bbox 1039 5272 1088 5326; x_wconf 86' lang='lat' dir='ltr'><strong>pro</strong></span> <span class='ocrx_word' id='word_1_834' title='bbox 1103 5256 1182 5309; x_wconf 81' lang='lat' dir='ltr'><strong>nobis</strong></span> <span class='ocrx_word' id='word_1_835' title='bbox 1196 5254 1303 5310; x_wconf 88' lang='lat' dir='ltr'><strong>desunt</strong></span> <span class='ocrx_word' id='word_1_836' title='bbox 1318 5255 1346 5308; x_wconf 95' lang='lat' dir='ltr'><strong>in</strong></span> <span class='ocrx_word' id='word_1_837' title='bbox 1363 5255 1481 5312; x_wconf 88' lang='lat' dir='ltr'><strong>laudato</strong></span> <span class='ocrx_word' id='word_1_838' title='bbox 1497 5258 1594 5313; x_wconf 91' lang='lat' dir='ltr'><strong>codice</strong></span> <span class='ocrx_word' id='word_1_839' title='bbox 1616 5258 1742 5333; x_wconf 82' lang='lat' dir='ltr'><strong>Prising.</strong></span> <span class='ocrx_word' id='word_1_840' title='bbox 1754 5266 1786 5318; x_wconf 87' lang='lat' dir='ltr'><strong>et</strong></span> <span class='ocrx_word' id='word_1_841' title='bbox 1803 5278 1870 5320; x_wconf 85' lang='lat' dir='ltr'><strong>sane</strong></span> 
     </span>
     <span class='ocr_line' id='line_1_60' title="bbox 157 5321 1867 5403; baseline 0.007 -25"><span class='ocrx_word' id='word_1_842' title='bbox 157 5325 196 5378; x_wconf 81' lang='lat' dir='ltr'><strong>sis</strong></span> <span class='ocrx_word' id='word_1_843' title='bbox 210 5324 264 5378; x_wconf 77' lang='lat' dir='ltr'><strong>die.</strong></span> <span class='ocrx_word' id='word_1_844' title='bbox 283 5321 417 5378; x_wconf 68' lang='lat' dir='ltr'><strong>Kalendas</strong></span> <span class='ocrx_word' id='word_1_845' title='bbox 433 5322 510 5377; x_wconf 89' lang='lat' dir='ltr'><strong>enim</strong></span> <span class='ocrx_word' id='word_1_846' title='bbox 526 5339 584 5377; x_wconf 95' lang='lat' dir='ltr'><strong>non</strong></span> <span class='ocrx_word' id='word_1_847' title='bbox 605 5339 656 5394; x_wconf 93' lang='lat' dir='ltr'><strong>pro</strong></span> <span class='ocrx_word' id='word_1_848' title='bbox 681 5323 775 5393; x_wconf 92' lang='lat' dir='ltr'><strong>primo</strong></span> <span class='ocrx_word' id='word_1_849' title='bbox 791 5327 916 5389; x_wconf 84' lang='lat' dir='ltr'><strong>tanturn,</strong></span> <span class='ocrx_word' id='word_1_850' title='bbox 933 5326 984 5382; x_wconf 91' lang='lat' dir='ltr'><strong>sed</strong></span> <span class='ocrx_word' id='word_1_851' title='bbox 1039 5325 1418 5397; x_wconf 84' lang='lat' dir='ltr'><strong>rejiciendee;lrustraenim</strong></span> <span class='ocrx_word' id='word_1_852' title='bbox 1431 5327 1460 5382; x_wconf 92' lang='lat' dir='ltr'><strong>in</strong></span> <span class='ocrx_word' id='word_1_853' title='bbox 1473 5327 1665 5401; x_wconf 89' lang='lat' dir='ltr'><strong>sequentibus</strong></span> <span class='ocrx_word' id='word_1_854' title='bbox 1679 5337 1867 5403; x_wconf 80' lang='lat' dir='ltr'><strong>quareretur.</strong></span> 
     </span>
    </p>

    <p class='ocr_par' dir='ltr' id='par_1_7' title="bbox 53 5392 1870 5693">
     <span class='ocr_line' id='line_1_61' title="bbox 53 5392 1870 5476; baseline 0.009 -29"><span class='ocrx_word' id='word_1_855' title='bbox 53 5464 56 5469; x_wconf 27' lang='grc' dir='ltr'>Ι</span> <span class='ocrx_word' id='word_1_856' title='bbox 158 5410 210 5461; x_wconf 90' lang='lat' dir='ltr'><strong>pro</strong></span> <span class='ocrx_word' id='word_1_857' title='bbox 232 5394 336 5467; x_wconf 87' lang='lat' dir='ltr'><strong>quovis</strong></span> <span class='ocrx_word' id='word_1_858' title='bbox 359 5394 407 5448; x_wconf 90' lang='lat' dir='ltr'><strong>die</strong></span> <span class='ocrx_word' id='word_1_859' title='bbox 431 5392 539 5449; x_wconf 89' lang='lat' dir='ltr'><strong>mensis</strong></span> <span class='ocrx_word' id='word_1_860' title='bbox 563 5399 687 5464; x_wconf 80' lang='lat' dir='ltr'><strong>recepte</strong></span> <span class='ocrx_word' id='word_1_861' title='bbox 711 5393 842 5463; x_wconf 86' lang='lat' dir='ltr'><strong>suerunt;</strong></span> <span class='ocrx_word' id='word_1_862' title='bbox 862 5398 939 5453; x_wconf 83' lang='lat' dir='ltr'><strong>unde</strong></span> <span class='ocrx_word' id='word_1_863' title='bbox 955 5398 984 5453; x_wconf 91' lang='lat' dir='ltr'><strong>in</strong></span> <span class='ocrx_word' id='word_1_864' title='bbox 1038 5402 1095 5455; x_wconf 78' lang='lat' dir='ltr'><strong>cur</strong></span> <span class='ocrx_word' id='word_1_865' title='bbox 1109 5397 1287 5452; x_wconf 78' lang='lat' dir='ltr'><strong>irnmolotus?</strong></span> <span class='ocrx_word' id='word_1_866' title='bbox 1301 5402 1330 5452; x_wconf 90' lang='lat' dir='ltr'><strong>et</strong></span> <span class='ocrx_word' id='word_1_867' title='bbox 1345 5399 1580 5471; x_wconf 90' lang='lat' dir='ltr'><strong>responderetur,</strong></span> <span class='ocrx_word' id='word_1_868' title='bbox 1594 5416 1647 5472; x_wconf 85' lang='lat' dir='ltr'><strong>pro</strong></span> <span class='ocrx_word' id='word_1_869' title='bbox 1661 5402 1752 5468; x_wconf 77' lang='lat' dir='ltr'><strong>nobis,</strong></span> <span class='ocrx_word' id='word_1_870' title='bbox 1770 5403 1870 5476; x_wconf 84' lang='lat' dir='ltr'><strong>sijum</strong></span> 
     </span>
     <span class='ocr_line' id='line_1_62' title="bbox 157 5463 1687 5542; baseline 0.008 -25"><span class='ocrx_word' id='word_1_871' title='bbox 157 5464 224 5520; x_wconf 88' lang='lat' dir='ltr'><strong>Vita</strong></span> <span class='ocrx_word' id='word_1_872' title='bbox 234 5473 261 5519; x_wconf 74' lang='lat' dir='ltr'><strong>e&#39;.</strong></span> <span class='ocrx_word' id='word_1_873' title='bbox 276 5464 410 5519; x_wconf 80' lang='lat' dir='ltr'><strong>bandrici</strong></span> <span class='ocrx_word' id='word_1_874' title='bbox 421 5464 549 5537; x_wconf 90' lang='lat' dir='ltr'><strong>episcopi</strong></span> <span class='ocrx_word' id='word_1_875' title='bbox 560 5463 699 5521; x_wconf 85' lang='lat' dir='ltr'><strong>Meteusis</strong></span> <span class='ocrx_word' id='word_1_876' title='bbox 710 5481 791 5520; x_wconf 92' lang='lat' dir='ltr'><strong>num.</strong></span> <span class='ocrx_word' id='word_1_877' title='bbox 802 5467 845 5531; x_wconf 94' lang='lat' dir='ltr'><strong>ll,</strong></span> <span class='ocrx_word' id='word_1_878' title='bbox 854 5482 905 5539; x_wconf 86' lang='lat' dir='ltr'><strong>per</strong></span> <span class='ocrx_word' id='word_1_879' title='bbox 913 5469 985 5524; x_wconf 85' lang='lat' dir='ltr'><strong>mut·</strong></span> <span class='ocrx_word' id='word_1_880' title='bbox 1037 5468 1224 5542; x_wconf 80' lang='lat' dir='ltr'><strong>praemissum</strong></span> <span class='ocrx_word' id='word_1_881' title='bbox 1240 5469 1345 5525; x_wconf 88' lang='lat' dir='ltr'><strong>luisset</strong></span> <span class='ocrx_word' id='word_1_882' title='bbox 1356 5485 1406 5541; x_wconf 87' lang='lat' dir='ltr'><strong>pro</strong></span> <span class='ocrx_word' id='word_1_883' title='bbox 1423 5471 1503 5526; x_wconf 82' lang='lat' dir='ltr'><strong>nohis</strong></span> <span class='ocrx_word' id='word_1_884' title='bbox 1519 5470 1687 5529; x_wconf 77' lang='lat' dir='ltr'><strong>immolatus.</strong></span> 
     </span>
     <span class='ocr_line' id='line_1_63' title="bbox 158 5535 1869 5666; baseline 0.008 -74"><span class='ocrx_word' id='word_1_885' title='bbox 158 5539 199 5592; x_wconf 84' lang='lat' dir='ltr'><strong>tos</strong></span> <span class='ocrx_word' id='word_1_886' title='bbox 218 5551 304 5594; x_wconf 83' lang='lat' dir='ltr'><strong>oaoos</strong></span> <span class='ocrx_word' id='word_1_887' title='bbox 319 5535 451 5595; x_wconf 70' lang='lat' dir='ltr'><strong>distaida.</strong></span> <span class='ocrx_word' id='word_1_888' title='bbox 468 5535 494 5590; x_wconf 91' lang='lat' dir='ltr'><strong>id</strong></span> <span class='ocrx_word' id='word_1_889' title='bbox 519 5538 563 5592; x_wconf 89' lang='lat' dir='ltr'><strong>est</strong></span> <span class='ocrx_word' id='word_1_890' title='bbox 586 5535 840 5666; x_wconf 41' lang='lat' dir='ltr'><strong>diesdertioitctis</strong></span> <span class='ocrx_word' id='word_1_891' title='bbox 866 5538 893 5596; x_wconf 88' lang='lat' dir='ltr'><strong>S.</strong></span> <span class='ocrx_word' id='word_1_892' title='bbox 910 5540 981 5596; x_wconf 76' lang='lat' dir='ltr'><strong>Den-</strong></span> <span class='ocrx_word' id='word_1_893' title='bbox 1072 5539 1147 5614; x_wconf 75' lang='grc'>(940)</span> <span class='ocrx_word' id='word_1_894' title='bbox 1163 5538 1339 5599; x_wconf 88' lang='lat' dir='ltr'><strong>Particulam</strong></span> <span class='ocrx_word' id='word_1_895' title='bbox 1355 5544 1386 5599; x_wconf 82' lang='lat' dir='ltr'><strong>ot</strong></span> <span class='ocrx_word' id='word_1_896' title='bbox 1407 5540 1578 5602; x_wconf 87' lang='lat' dir='ltr'><strong>addidimus</strong></span> <span class='ocrx_word' id='word_1_897' title='bbox 1600 5559 1656 5621; x_wconf 82' lang='lat' dir='ltr'><strong>ops</strong></span> <span class='ocrx_word' id='word_1_898' title='bbox 1678 5542 1793 5605; x_wconf 78' lang='lat' dir='ltr'><strong>codicis</strong></span> <span class='ocrx_word' id='word_1_899' title='bbox 1807 5544 1869 5605; x_wconf 77' lang='lat' dir='ltr'><strong>sri-</strong></span> 
     </span>
     <span class='ocr_line' id='line_1_64' title="bbox 156 5606 1439 5693; baseline 0.005 -27"><span class='ocrx_word' id='word_1_900' title='bbox 156 5606 227 5675; x_wconf 69' lang='grc' dir='ltr'><em>ἀνίοι</em></span> <span class='ocrx_word' id='word_1_901' title='bbox 241 5607 387 5669; x_wconf 76' lang='lat' dir='ltr'><strong>oblivionis</strong></span> <span class='ocrx_word' id='word_1_902' title='bbox 400 5607 529 5679; x_wconf 69' lang='lat' dir='ltr'><strong>reticius</strong></span> <span class='ocrx_word' id='word_1_903' title='bbox 544 5610 613 5668; x_wconf 75' lang='lat' dir='ltr'><strong>ecta</strong></span> <span class='ocrx_word' id='word_1_904' title='bbox 626 5610 654 5665; x_wconf 90' lang='lat' dir='ltr'><strong>tr</strong></span> <span class='ocrx_word' id='word_1_905' title='bbox 693 5607 761 5667; x_wconf 88' lang='lat' dir='ltr'><strong>itur.</strong></span> <span class='ocrx_word' id='word_1_906' title='bbox 778 5608 810 5669; x_wconf 91' lang='lat' dir='ltr'><strong>lu</strong></span> <span class='ocrx_word' id='word_1_907' title='bbox 825 5625 913 5687; x_wconf 84' lang='lat' dir='ltr'><strong>quem</strong></span> <span class='ocrx_word' id='word_1_908' title='bbox 928 5610 981 5689; x_wconf 76' lang='lat' dir='ltr'><strong>igi-</strong></span> <span class='ocrx_word' id='word_1_909' title='bbox 1037 5611 1116 5693; x_wconf 78' lang='lat' dir='ltr'><strong>sing.</strong></span> <span class='ocrx_word' id='word_1_910' title='bbox 1437 5612 1439 5617; x_wconf 84' lang='grc'><strong>’</strong></span> 
     </span>
    </p>
   </div>
   <div class='ocr_carea' id='block_1_4' title="bbox 0 0 1950 6088">
    <p class='ocr_par' dir='ltr' id='par_1_8' title="bbox 0 0 1950 6088">
     <span class='ocr_line' id='line_1_65' title="bbox 0 0 1950 6088; baseline 0 0"><span class='ocrx_word' id='word_1_911' title='bbox 0 0 1950 6088; x_wconf 95' lang='lat' dir='ltr'><strong> </strong></span> 
     </span>
    </p>
   </div>
  </div>
 </body>
</html>
