3876 6084
101 279 171 347 3³l'l

561 276 902 357 rnmoonronuu
922 274 1026 343 unat
1047 227 1135 344 ιιι.
1152 280 1277 344 -un
1300 280 1350 346 rr.

1758 289 1818 350 348

113 417 206 475 lucem
219 415 318 474 cordis
329 432 404 488 esse,
415 414 554 490 etlapsus
564 419 678 474 tantum
689 416 776 488 (247)
791 421 820 472 et
829 416 934 472 erectio
950 417 976 483 Α
992 418 1120 472 ιιονιιίιιι
1136 416 1205 487 quia
1220 418 1367 474 modicum
1384 419 1558 477 termentum
1573 424 1664 478 totam
1683 441 1814 482 massam

113 507 244 581 qnotidie
257 509 402 563 monstrat
416 506 577 580 lapsorum.
595 506 686 573 Unde,
702 511 731 561 et
746 506 935 578 quibusdam,

113 613 179 654 com
194 601 224 653 et
237 595 308 652 alibi
323 596 429 651 dixerit
441 614 447 651 z
459 598 515 666 Qui
528 600 580 651 stet
590 595 679 651 rideat
694 611 727 650 ne
741 595 821 650 codol
837 596 860 665 (l
875 594 935 649 Cer.

112 705 138 753 x,
153 688 197 753 12,
215 685 287 740 dicit
308 683 488 757 Apostolus:
509 686 610 740 Frisiis
638 684 786 756 olipuemto
808 683 936 748 terrebere,

112 791 186 831 neec
204 782 296 830 autem
324 774 376 828 lue
390 775 420 828 in
439 774 554 829 Domino
570 773 677 846 (liphne.
693 791 721 839 v,
737 774 777 843 8.)
803 772 939 826 Peccator

114 863 167 921 cs?
182 863 258 919 Audi
272 862 349 917 unde
364 862 493 933 gaudeas
510 879 516 916 :
534 861 670 917 Gaudium
682 866 721 916 est
734 863 762 916 in
778 862 844 916 celo
858 877 940 931 sturer

114 969 166 1010 ano
176 960 317 1025 peccatore
327 953 518 1023 penitentium
532 959 639 1019 operite,
657 967 739 1022 quem
749 967 832 1023 supro
848 965 940 1004 mono-

114 1045 191 1114 piato
206 1056 303 1096 novem
312 1041 406 1111 justis,
421 1041 471 1110 qni
480 1055 534 1094 non
550 1039 674 1109 indicent
684 1041 848 1110 penitentia
864 1040 937 1109 (buc.

114 1149 158 1197 xv,
176 1131 234 1192 10.)
249 1129 264 1184 J
269 1133 352 1184 ustus
367 1129 422 1183 es?
436 1127 510 1183 Audi
526 1127 596 1199 quid
609 1144 711 1182 caveas
726 1143 732 1181 :
749 1127 874 1183 Videbam
889 1128 938 1183 So·

114 1225 201 1276 totum
215 1220 286 1273 sicot
299 1218 398 1289 sulpur
410 1216 442 1272 dc
456 1218 521 1272 eoelo
537 1216 674 1272 cadentem
692 1218 766 1288 [Luc
783 1234 811 1282 x,
830 1216 886 1278 43.)

147 1311 175 1363 2.
193 1309 335 1362 Caeterum
349 1323 402 1362 nec
412 1307 515 1377 justus
530 1306 612 1378 adeo,
630 1322 683 1360 uec
699 1309 833 1377 peccator
848 1306 918 1359 adeo
931 1320 938 1358 τ

114 1395 366 1468 mediusqnidam
388 1395 462 1449 inter
476 1395 536 1450 boec
553 1395 611 1449 duo
638 1398 665 1448 te
685 1394 810 1448 delectat
835 1391 941 1447 locus‘l

113 1486 206 1553 lime,
220 1501 301 1558 rogo,
316 1485 413 1556 ipsum
423 1484 505 1539 valde
517 1487 655 1555 teporem,
669 1499 704 1537 ne
716 1483 752 1537 ab
764 1482 826 1553 ipso
838 1497 941 1537 rursus

113 1574 224 1631 labaris
240 1574 275 1629 ad
293 1573 396 1646 frigus.
413 1573 485 1627 Nom
503 1573 579 1628 sicut
594 1589 611 1627 a
625 1576 723 1643 tepore
743 1571 779 1626 ad
799 1570 937 1635 calorem,

113 1662 155 1719 lta
169 1678 372 1735 sepenumero
387 1661 423 1716 ab
438 1661 539 1716 eodem
555 1659 728 1726 declinatur,
743 1662 817 1714 teste
833 1659 940 1731 Grego-

115 1752 168 1819 rio,
182 1752 219 1807 ad
236 1750 339 1824 trigas.
355 1749 430 1805 Audi
446 1748 573 1821 denique
601 1748 670 1821 quid
700 1748 801 1821 angelo
826 1748 942 1803 dicatur

116 1840 260 1898 laodicie
277 1856 283 1894 :
309 1840 418 1909 Utinam
432 1837 538 1893 eolides
551 1853 621 1893 emes
634 1841 684 1892 ont
706 1836 846 1908 sripidum
867 1853 943 1892 none

115 1937 209 1986 aetem
225 1929 292 2000 quio
306 1927 445 1999 tepidrnes
460 1927 595 1997 incipiam
609 1934 636 1981 te
645 1941 768 1981 evomere
781 1941 816 1981 ec
830 1941 875 1981 ore
886 1941 942 1981 meo

115 2021 209 2093 (Apoc.
224 2035 266 2086 m,
277 2017 334 2086 46.)
345 2015 392 2071 Vre
403 2020 501 2070 autem
513 2014 563 2087 qui
576 2031 611 2070 ex
621 2032 669 2070 ore
680 2014 944 2086 irrecuperabiliter

115 2107 261 2164 evomitur
275 2105 334 2162 Dei,
351 2105 412 2168 Ouo
439 2108 540 2158 contra
564 2102 721 2158 Psalmista
744 2103 779 2157 de
808 2103 941 2160 sanctis:

115 2197 206 2264 lbani,
222 2193 328 2267 inquit,
344 2194 377 2249 de
399 2195 499 2248 virtute
515 2194 543 2247 in
573 2194 704 2247 triremem
719 2193 806 2261 (Prot.
829 2209 941 2259 mxxiii,

115 2287 160 2352 88)
174 2303 181 2352 ;
196 2284 269 2356 quia
278 2282 421 2347 videlicet,
433 2286 465 2336 ut
476 2282 532 2336 Leo
543 2282 647 2336 beatus
661 2281 711 2347 ait,
726 2281 850 2343 scientes
862 2283 942 2337 arbo-

117 2391 164 2430 res
181 2389 213 2428 se
228 2389 294 2428 esse
311 2370 341 2426 in
356 2370 488 2426 Ecclesiae
503 2369 651 2425 viridiario
681 2368 827 2441 plantatas
844 2369 944 2425 Domi-

117 2462 194 2528 nico,
206 2477 265 2517 non
287 2459 381 2516 solum
407 2457 699 2515 caventncdeficiant
709 2457 738 2511 in
750 2458 844 2529 pejus,
854 2458 943 2513 etiam

118 2552 191 2607 dant
203 2565 379 2622 magnopere
395 2548 525 2604 studium
543 2551 575 2602 nt
603 2547 757 2619 proficiant
781 2547 809 2602 in
828 2545 942 2603 melios.

120 2640 192 2696 Cum
209 2643 306 2694 autem
318 2636 516 2709 pulcherrima
527 2635 682 2706 cujusdam
695 2636 945 2707 nostroruru,qoia

120 2726 289 2793 mitissima,
305 2725 448 2781 habeatur
463 2723 607 2779 sententia
621 2724 755 2788 dicentis,
778 2740 835 2778 non
866 2724 944 2779 lutu-

120 2832 186 2872 rum
201 2818 284 2870 extra
294 2812 537 2879 misericordiam,
553 2812 604 2884 qui
615 2811 657 2866 vel
675 2816 787 2884 partem
800 2811 944 2868 honorum

120 2919 241 2977 operum
259 2902 346 2959 luerit
357 2907 519 2967 assecutus,
537 2918 594 2957 nou
619 2901 716 2955 minus
730 2905 827 2956 tamen
844 2917 945 2974 recep·

119 2993 237 3050 tissima
250 2990 381 3056 alterius,
397 2990 467 3062 quia
482 2989 645 3055 verissima,
662 2993 706 3044 est
728 2989 880 3045 retinenda
896 2990 944 3046 de·

121 3082 216 3138 finitio
231 3080 357 3136 dicentis
372 3095 379 3133 ε
397 3081 511 3147 Quincti
522 3079 640 3149 proiicit,
655 3077 756 3144 delicit,
774 3086 798 3132 et
810 3080 859 3148 qni
872 3079 946 3134 nibil

992 509 1152 581 corrumpit
1180 511 1279 578 (lCor.
1307 510 1389 581 ν,6-)
1416 511 1491 566 Audi
1521 512 1632 568 dictum
1661 514 1815 584 alacobo,

993 600 1152 670 Quicunque
1179 603 1264 654 toiorn
1294 600 1379 668 legem
1403 602 1594 669 observaverit,
1623 603 1741 674 offendet
1766 622 1817 660 ou-

993 698 1091 751 temin
1117 713 1181 763 uno,
1204 699 1256 752 erit
1284 715 1347 752 reus
1362 700 1429 769 (luc.
1458 716 1487 765 ιι,
1512 701 1564 771 10.)
1591 700 1696 773 Legem
1719 708 1816 758 autem

993 784 1068 839 hauc
1084 791 1182 839 utrum
1200 786 1346 858 Evangelii
1372 793 1422 842 out
1436 787 1549 843 Veteris
1565 791 1756 857 Testamenti,
1780 809 1817 847 an

994 874 1080 929 simul
1099 879 1253 946 utrumque
1269 876 1356 940 dicat,
1373 877 1515 933 studiosis
1537 876 1732 950 relinquimus
1758 882 1818 937 dis-

994 964 1118 1034 quirem,
1135 981 1202 1019 cum
1219 968 1247 1019 ot
1273 965 1451 1039 interrogata
1466 967 1494 1022 in
1526 969 1641 1024 duobus
1668 972 1819 1044 preceptis

993 1064 1085 1115 totam
1099 1060 1213 1115 Veritas
1228 1060 1292 1132 ipsa
1306 1061 1398 1133 legem
1414 1069 1443 1119 et
1459 1065 1615 1137 prophetas
1630 1066 1734 1122 dixerit
1747 1086 1817 1140 pen·

994 1151 1062 1204 dere
1079 1151 1181 1216 tllcttb.
1198 1168 1267 1220 xxu,
1299 1152 1355 1222 40.)
1380 1157 1407 1207 et
1423 1154 1578 1225 Apostolus
1606 1157 1818 1228 plenitudinem

994 1236 1067 1309 legis
1092 1237 1278 1294 dilectionem
1312 1240 1436 1296 dixerit:
1462 1242 1490 1295 si
1519 1244 1586 1315 quis
1615 1263 1706 1302 unum
1736 1266 1818 1304 man-

995 1327 1095 1381 datum
1112 1328 1266 1393 custodiat,
1289 1329 1368 1383 uliud
1384 1332 1595 1401 praevaricetur,
1624 1352 1682 1390 non
1698 1337 1723 1391 ei
1753 1355 1819 1409 pro·

995 1415 1069 1470 dest.
1087 1414 1221 1471 Custodit
1235 1435 1266 1472 se
1293 1418 1400 1489 aliquis
1421 1420 1457 1474 ab
1487 1423 1618 1489 avaritia,
1635 1440 1693 1479 non
1722 1431 1820 1483 custo·

995 1512 1427 1586 ditadadulterio‘lUtiquein
1459 1536 1517 1574 uno
1546 1522 1706 1591 convietus,
1737 1526 1820 1583 dam-

996 1605 1082 1656 natur
1106 1603 1193 1656 ctiam
1210 1603 1307 1657 seculi
1333 1603 1467 1676 legibus,
1498 1625 1550 1663 nec
1580 1612 1697 1681 prodest
1712 1615 1736 1668 ei
1753 1615 1821 1672 alte·

997 1689 1057 1745 rius
1073 1690 1205 1746 criminis
1221 1692 1408 1759 abstinentia,
1426 1696 1475 1766 qui
1493 1697 1521 1751 in
1546 1698 1636 1755 altero
1662 1701 1749 1758 luerit
1770 1705 1820 1759 de·

957 1787 980 1853 B
995 1779 1168 1855 prehensus.
1186 1781 1244 1835 lloc
1261 1797 1348 1836 sensu
1364 1799 1430 1838 cum
1448 1785 1577 1842 terribile
1592 1789 1631 1844 sit
1644 1789 1726 1846 valde
1742 1794 1819 1865 qood

997 1867 1128 1941 protulit,
1143 1869 1193 1924 sod
1211 1873 1308 1925 tomen
1324 1888 1413 1942 super
1437 1871 1512 1929 hanc
1536 1877 1668 1933 eamdem
1690 1880 1820 1952 Apostoli

997 1957 1171 2013 sententiam
1188 1958 1396 2032 Hieronymum
1409 1962 1471 2032 jam
1488 1963 1685 2035 consuluerit;
1705 1987 1756 2025 nec
1776 1971 1821 2026 in·

997 2057 1258 2129 cognitumuobis,
1289 2056 1383 2130 legem
1412 2063 1502 2116 totum
1533 2061 1694 2137 intelligere
1720 2067 1820 2125 decem

996 2146 1047 2202 illa
1061 2145 1207 2219 generalia
1223 2152 1374 2220 precepta,
1392 2149 1469 2205 unde
1493 2152 1625 2207 omnium
1655 2155 1821 2227 specialitas

997 2236 1076 2290 velut
1091 2253 1106 2290 e
1121 2235 1248 2307 quodam
1271 2234 1330 2290 riro
1347 2236 1455 2292 fidibus
1482 2239 1654 2298 decachordi
1683 2245 1822 2304 distincta

999 2323 1146 2379 derivator
1162 2340 1168 2378 :
1182 2340 1244 2395 que
1261 2324 1374 2394 [scilieet
1395 2325 1494 2381 docem
1516 2333 1669 2403 praeopta]
1684 2350 1750 2388 cum
1777 2336 1822 2392 in-

999 2410 1162 2467 solubiliter
1178 2412 1322 2467 aduobos
1338 2411 1396 2467 illis
1426 2415 1562 2471 maximis
1586 2423 1615 2472 et
1640 2422 1743 2490 primis
1772 2425 1821 2480 de·

999 2501 1097 2564 ducta,
1115 2500 1214 2554 decom
1239 2500 1347 2557 iaciant
1375 2502 1462 2566 rivos,
1490 2510 1602 2576 septem
1632 2508 1770 2566 videncet
1786 2514 1821 2568 ad

999 2597 1183 2652 dilectionem
1200 2598 1335 2670 proximi,
1352 2602 1411 2654 tres
1427 2600 1605 2672 pertinentes
1627 2605 1662 2659 ad
1688 2606 1823 2665 dilectio·

1000 2686 1140 2752 nerullei,
1159 2686 1298 2742 itasuoru
1328 2691 1535 2745 servantunde
1563 2701 1741 2751 emerserant
1771 2715 1823 2753 na-

1000 2781 1108 2843 turam,
1125 2780 1157 2830 ut
1178 2793 1269 2831 unum
1287 2776 1349 2831 sine
1373 2777 1474 2841 altero,
1491 2779 1566 2835 sieut
1590 2799 1642 2837 nec
1671 2791 1767 2857 caput,
1784 2786 1825 2842 ita

1000 2882 1052 2919 nec
1069 2864 1203 2936 amplecti
1218 2865 1357 2921 veraciter
1372 2868 1530 2940 respuique
1544 2870 1658 2926 valeant
1682 2875 1823 2932 membra.

1000 2954 1073 3010 Nam
1096 2955 1173 3010 sicut
1191 2957 1278 3011 [teum
1296 2956 1489 3030 condiligere
1512 2961 1661 3032 probatur,
1679 2964 1729 3036 qui
1759 2984 1825 3039 pro-

1000 3042 1185 3098 ximumnon
1210 3044 1315 3116 diligit,
1345 3045 1456 3102 loanue
1484 3048 1669 3107 dicente:Si
1697 3056 1758 3126 pni's
1782 3056 1812 3111 di

121 3172 249 3244 ,epm-,ig
266 3168 510 3239 „onmgpgperpp'
527 3167 578 3222 Cui
607 3167 771 3221 assentiens
800 3183 852 3221 n„
869 3144 1221 3223 inpe,ceeritqrroniom
1243 3143 1439 3212 ‹lilinolleum
1465 3156 1490 3202 et
1508 3149 1624 3218 irrrtrem
1651 3167 1730 3207 sunm
1754 3154 1823 3224 odit,

123 3260 182 3315 rior
196 3257 280 3325 alter,
298 3256 403 3322 Omnes,
419 3256 460 3312 ait
473 3256 592 3328 defectus
606 3255 640 3310 mi
654 3255 776 3310 nibilum
786 3256 880 3311 tendit.
899 3257 949 3312 llis
1003 3230 1123 3285 mmm
1134 3233 1172 3284 ‘³⁵2
1187 3234 1212 3301 (¹
1224 3232 1302 3286 ''⁰⁰²2·
1320 3249 1361 3297 ¹¹¹·
1376 3233 1393 3285 9
1407 3237 1426 3300 ἱ)
1441 3239 1469 3288 Ol
1485 3251 1542 3290 ¹¹⁰ss
1569 3241 1629 3291 lam
1647 3240 1825 3310 proximum,

123 3349 223 3420 itaque
237 3347 279 3402 ita
293 3346 442 3413 connexis,
459 3344 623 3398 timendum
639 3361 675 3398 ne
689 3344 760 3398 dnm
776 3360 833 3398 non
852 3345 948 3400 inhias

123 3434 278 3510 profectui,
291 3433 609 3497 succumbasdelectui,
620 3431 839 3488 deveniasltlil
851 3433 946 3500 nibili,

123 3527 309 3582 Suntautem
319 3523 450 3596 quidam,
464 3525 537 3578 teste
548 3522 695 3592 Gregorio,
712 3538 863 3593 equorum
877 3522 947 3578 libe-

121 3614 179 3670 rari
195 3616 298 3685 satage
312 3611 468 3676 consortio,
494 3609 544 3683 qui
559 3614 592 3665 ut
606 3610 739 3665 fruantur
755 3610 870 3674 seculo,
888 3611 948 3667 dis·

121 3701 288 3776 pensatorie
303 3699 433 3757 serviunt
450 3704 515 3754 Deo.
529 3700 604 3755 Sunt
623 3705 725 3754 contra
739 3698 798 3762 ulii,
821 3716 946 3771 quorum

121 3791 150 3846 in
172 3805 298 3846 numero
324 3776 409 3844 dude
438 3787 571 3855 inveniri,
587 3788 637 3858 qui
669 3791 700 3841 nt
727 3787 862 3841 fruantur
890 3792 946 3843 Deo

119 3878 290 3936 transitoris
305 3877 437 3934 serviunt
452 3876 573 3931 mundo.
591 3875 673 3930 Hunc
687 3879 784 3929 autem
816 3877 946 3931 medium

119 3984 185 4024 esse
195 3966 320 4040 justitie
334 3965 431 4021 locum
447 3964 570 4020 estimo.
582 3964 662 4029 Quod
680 3963 704 4018 si
720 3963 840 4017 omnino
855 3969 882 4018 te
894 3964 947 4020 eri-

1003 3336 1091 3390 quarn
1108 3318 1194 3373 etiam
1215 3319 1379 3386 inimicum,
1409 3321 1532 3378 Domino
1560 3326 1693 3384 dicente:
1712 3331 1826 3399 Diligite

1003 3409 1129 3462 im'mims
1159 3412 1268 3471 verstrae,
1294 3409 1359 3463 bene
1381 3411 1465 3480 sorite
1493 3413 1537 3467 bia
1555 3416 1603 3484 qui
1627 3416 1742 3472 oderunt
1771 3435 1824 3487 ros,

1002 3497 1177 3565 maitisfilii
1203 3497 1294 3551 Putris
1323 3499 1403 3552 uestri
1425 3500 1473 3570 qui
1498 3501 1528 3553 in-
1554 3503 1629 3556 celis
1654 3512 1693 3558 est
1721 3507 1824 3572 (narrt.

1002 3609 1029 3657 v,
1046 3593 1079 3646 44
1092 3592 1110 3658 ;)
1127 3591 1206 3647 nulla
1222 3597 1319 3646 autem
1333 3592 1493 3648 evidentior
1504 3597 1663 3653 redamatio
1677 3615 1764 3671 quam
1778 3619 1827 3673 pa-

1002 3680 1055 3736 tris
1071 3681 1105 3735 ad
1122 3679 1226 3743 filium,
1242 3679 1293 3735 ulti
1316 3681 1352 3735 ad
1377 3685 1498 3752 patrem,
1527 3701 1613 3757 quem
1639 3703 1696 3743 non
1726 3706 1826 3746 amare

1002 3769 1190 3837 convincitur,
1207 3771 1284 3826 17⁰
1300 3770 1350 3841 qui
1365 3772 1430 3840 ejus
1445 3774 1557 3843 spernit
1578 3775 1764 3845 jussionem:
1787 3780 1827 3835 ita

1001 3858 1051 3913 illa
1072 3859 1256 3931 tria,quea
1284 3859 1377 3930 primo
1412 3861 1606 3931 deducuntur,
1639 3865 1737 3922 nullus
1776 3870 1826 3941 qui

1001 3955 1073 4010 illud
1089 3956 1229 4011 veraciter
1243 3958 1377 4012 observat
1391 3963 1487 4029 potest
1516 3963 1706 4032 prevaricari.
1736 3966 1826 4023 Nemo

118 4072 188 4130 gere
204 4071 261 4110 non
276 4052 356 4110 vales
367 4056 411 4122 (ut
424 4070 482 4108 non
503 4052 594 4124 vales)
611 4052 646 4106 ad
670 4068 840 4123 supremum
861 4051 945 4108 illum
1000 4046 1078 4100 enim
1095 4043 1220 4116 diligens
1233 4045 1324 4100 Deum
1338 4045 1427 4101 alium
1453 4048 1521 4104 colit
1549 4057 1653 4122 preter
1681 4071 1760 4120 eum,
1777 4073 1826 4110 nc·

119 4145 179 4203 Deo
196 4142 482 4217 preconatordinem
498 4141 656 4207 ullomodo,
671 4138 775 4195 saltem
795 4140 838 4196 vel
856 4141 891 4195 od
907 4141 945 4197 is·
1000 4132 1177 4205 queacclpil
1200 4151 1305 4189 ⁰⁰³¹&ss
1330 4136 1394 4205 ejus
1424 4137 1452 4190 in
1482 4155 1602 4205 vanum,
1633 4157 1685 4196 nco
1715 4143 1824 4215 aliquid

118 4236 230 4290 inmte
257 4228 408 4289 humiliter
434 4229 662 4301 firmissimaque
690 4233 789 4284 teneas
816 4231 945 4286 medium
1000 4222 1223 4277 iacitboninisi
1241 4228 1358 4294 propter
1379 4241 1479 4280 rernm
1509 4227 1681 4292 Sabbatum,
1697 4230 1751 4285 hoc
1780 4237 1825 4288 est

119 4319 249 4396 postulo,
266 4337 303 4376 ne
318 4320 436 4393 quando
451 4319 562 4375 scillcet
577 4336 645 4374 ruas
658 4318 694 4373 ad
711 4318 794 4373 illum
808 4320 945 4375 intimum
1000 4317 1129 4390 requiem
1143 4319 1363 4391 sempiternam.
1382 4322 1416 4376 m
1432 4322 1508 4378 sicut
1523 4325 1693 4395 proximum
1708 4344 1764 4382 non
1780 4328 1826 4382 di-

116 4407 944 4481 (34ttlordinedevio;nequeenimideodebesfieriper·
999 4406 1312 4479 ligerecomprobatur
1334 4409 1384 4480 qui
1414 4410 1506 4465 Deum
1535 4428 1593 4466 non
1623 4412 1730 4486 diligit,
1756 4433 1825 4472 nam

118 4498 212 4566 ditus,
227 4497 300 4570 qula
312 4513 371 4552 non
386 4495 466 4552 vales
481 4513 545 4552 esse
557 4496 713 4567 perlectus,
740 4512 792 4550 nec
807 4495 871 4552 ideo
883 4514 982 4584 pes-D
1000 4511 1052 4552 nec
1081 4496 1212 4566 seipsum
1239 4495 1344 4568 diligit,
1362 4497 1519 4553 Psalmista
1544 4500 1657 4557 dicente
1674 4519 1680 4556 :
1699 4505 1752 4571 Qui
1775 4522 1825 4560 ou-

116 4583 944 4658 simus‚quianonpotesexisteraoptimus.lpsndenique
998 4583 1160 4652 temdrlipit
1184 4585 1366 4655 iniquitatem,
1396 4587 1453 4641 odit
1481 4589 1605 4644 animem
1632 4606 1711 4647 suem
1739 4595 1824 4660 rl’srrl.

115 4671 943 4747 humilitas,quadeteviliaestimas,sisitveru,etuon
998 4675 1093 4740 x,5;)
1112 4672 1153 4727 ita
1182 4672 1231 4744 qui
1261 4672 1345 4728 illum
1372 4674 1468 4746 diligit
1492 4676 1642 4746 veraciter,
1672 4686 1826 4739 ceteraex

114 4765 216 4839 potius
231 4764 365 4837 segnitia,
389 4764 425 4818 de
452 4762 628 4835 quandoque
658 4761 769 4833 erigere
785 4762 892 4818 valebit
907 4763 943 4818 ad
998 4762 1053 4817 hoc
1069 4762 1192 4816 deducta
1208 4779 1264 4816 non
1280 4761 1410 4835 negligit.
1428 4765 1500 4820 Nam
1516 4772 1544 4821 et
1573 4767 1698 4825 honorat
1718 4789 1822 4843 paren·

117 4850 831 4921 sublimia‚testavoceDominica(Mottb.xxru,
851 4852 907 4920 l2).
999 4864 1053 4927 tes,
1081 4876 1133 4914 nec
1162 4859 1333 4927 moeehatur,
1363 4876 1415 4916 nec
1456 4863 1570 4932 occidit,
1602 4883 1655 4921 noc
1697 4867 1826 4923 furatur.

153 4941 245 4998 3·Ν6
272 4957 349 5008 4040,
377 4941 446 4997 dum
475 4939 536 4995 haeo
559 4938 661 4993 mitius
690 4942 787 4993 lecum
817 4955 880 5012 ⁸80.
899 4956 945 4998 me
999 4964 1052 5003 nec
1081 4947 1187 5004 salsum
1216 4949 1417 5004 testimonium
1444 4951 1526 5020 dicit,
1560 4970 1612 5009 nec
1646 4957 1827 5029 concupiscit

118 5030 175 5086 tibi
199 5031 322 5086 suadere
341 5028 600 5103 putes,valetiam
630 5027 751 5082 forsitan
777 5030 944 5099 concedere,
1000 5053 1120 5092 uxorem
1137 5037 1260 5108 proximi
1276 5037 1331 5105 sui,
1362 5055 1489 5095 narrem
1518 5040 1648 5113 aliquam
1678 5045 1753 5115 ejus.
1771 5046 1824 5110 Oui

119 5124 155 5176 ul
184 5121 221 5175 ab
251 5118 486 5191 aliquibusdum
515 5117 655 5183 414484ῑῦ68»
685 5114 771 5170 alicui
799 5117 946 5174 deservias
999 5143 1066 5182 vero
1082 5125 1192 5198 aliquid
1205 5126 1309 5181 horum
1329 5129 1535 5198 prevaricatus
1565 5131 1661 5198 luerit,
1692 5133 1825 5190 omnium

120 5209 208 5282 quasi
229 5224 296 5264 cum
325 5206 410 5263 venia
436 5206 516 5274 vitio,
547 5221 625 5273 cum,
653 5206 774 5260 docente
797 5206 946 5276 Apostolo,
1000 5230 1068 5269 reus
1083 5214 1148 5270 ideo
1163 5219 1290 5282 tenetur,
1309 5216 1379 5287 quia
1393 5217 1422 5270 in
1451 5217 1549 5290 ipsum
1578 5221 1737 5278 excessisse
1766 5224 1827 5279 1⁴00.

119 5347 211 5402 ⁰le
226 5363 302 5403 Μδ
324 5348 445 5414 44444044,
462 5348 562 5403 'ledum
584 5345 781 5489 psstfissilidum
795 5355 887 5402 484444
903 5349 948 5405 llic
1000 5355 1483 5426 seusulegendumcstacuctornm,
1496 5363 1702 5434 seujustornm,
1717 5364 1760 5420 rel
1773 5364 1827 5420 ali·

120 5420 201 5474 vines
217 5418 257 5490 (id
274 5424 318 5502 est
332 5418 381 5473 hic
393 5423 492 5475 sextus
509 5418 582 5501 liber
604 5420 706 5473 nititur
719 5417 823 5471 sulcari
837 5435 854 5472 o
869 5422 947 5476 rtobis
1001 5429 1069 5499 qnid
1088 5424 1193 5482 simile.

116 5490 396 5564 metamucense
409 5498 444 5559 te,
461 5491 579 5545 Denlrtns
593 5505 700 5544 stemma
714 5488 909 5555 poteratne.

432 5561 437 5572 ,
634 5560 639 5570 ,
1037 5500 1112 5570 (348)
1128 5497 1227 5571 Vulg„
1244 5498 1399 5569 infirmmu,
1414 5502 1500 5558 male.

155 5562 230 5630 (344)
247 5561 385 5618 Mendum
401 5560 519 5634 aliquod
533 5560 605 5617 latet
632 5577 662 5614 m
681 5574 750 5615 voce
775 5565 890 5616 teritum.
908 5563 947 5619 Ex
