3876 6084
108 262 169 328 'ldl
553 260 715 328 ammte
736 259 972 326 schramm
992 258 1277 337 sacraemnta
1296 258 1383 326 aad.
1756 266 1817 349 '162

110 401 141 458 in
155 399 259 457 eadem
273 397 384 457 Notitia
395 395 626 472 explicavimus;
643 397 701 453 alia
715 398 849 470 quaedam
865 397 947 453 addit
961 400 1066 469 praeter
1077 396 1172 469 ipsius
1187 396 1301 452 Notitiae
1316 397 1416 463 iidem,
1431 413 1495 469 quae
1513 395 1708 472 imposturam
1721 400 1763 458 im
1785 418 1818 460 o-

112 475 201 529 stura
217 470 348 527 additam
363 471 553 542 patefaciunt,
571 474 602 525 tn
617 469 737 525 coenim
754 468 880 525 traditur
895 467 1036 524 liodoaldi
1052 467 1531 542 sententiahabitajubeatelocaae
1554 474 1732 547 ontificeaop
1787 488 1819 531 u·

112 549 160 601 eta
192 542 284 602 tuisse
316 559 334 599 a
365 542 515 599 cononicis
548 541 765 597 innumerabilia
795 542 853 612 fere
883 540 1076 623 privilegia...
1103 541 1312 612 opoatificibas
1331 547 1356 597 et
1375 487 1585 614 imperatorihcs
1603 545 1728 601 otham:
1749 562 1817 602 oum

112 614 141 673 iu
167 613 276 671 Notitia
299 614 472 670 mandatum
497 612 693 685 imperatoris,
715 629 772 668 uon
788 616 887 668 autem
915 610 1062 683 pontilicis
1081 611 1261 678 enuntietur,
1277 615 1305 667 et
1319 611 1441 668 unicum
1455 612 1606 686 imperiale
1620 615 1817 689 privilegium,

113 685 229 745 nullum
239 683 572 759 pontificiumlaudetur.
583 684 957 755 Potioroutemimpostura
970 682 1000 738 in
1015 698 1049 737 eo
1062 681 1119 739 sita
1133 686 1187 747 est,
1200 683 1277 764 quod
1293 699 1351 738 non
1367 686 1428 739 tam
1443 684 1586 741 bonorum
1597 686 1816 760 capitularium,

114 758 150 815 de
165 757 274 840 quihus
288 760 404 813 tantum
419 756 450 811 in
466 755 574 812 Notitia
590 754 696 829 agitur,
708 755 759 811 sed
776 770 969 828 personarum
985 752 1074 810 etiam
1089 758 1234 827 exemptm
1248 753 1455 812 etimmunitas
1465 761 1660 825 asseratur,ac
1671 758 1696 815 si
1706 764 1820 816 contru-

112 845 208 887 versra
222 828 298 884 inter
313 829 483 901 episcopum
500 832 528 882 et
542 828 698 883 canonicos
713 843 771 882 non
787 827 888 882 minus
903 826 939 881 de
954 825 1110 893 honorum,
1127 825 1819 899 quamdepersonarumimmunitatsexcitataac

114 900 237 959 definita
252 899 349 955 fuerit.
367 898 570 955 decollatione
587 899 713 962 Notitiae,
724 896 923 971 eteompendii
938 896 1071 967 ejusdem
1086 896 1265 969 agnoscitur,
1278 898 1366 953 verba
1379 913 1422 954 res
1436 906 1462 955 et
1472 902 1662 970 possessiones,
1675 917 1739 973 qua
1750 906 1820 958 sunt

112 972 144 1028 in
156 971 275 1037 Notitia,
293 972 328 1027 ab
343 974 530 1026 auetorecom
552 969 631 1025 endii
645 969 902 1025 imutataluissein
912 970 1149 1039 boaoetpersonea
1160 984 1244 1040 ,·que
1255 967 1410 1025 manifesta
1423 969 1504 1026 lraus
1514 972 1647 1039 ejusdem
1654 974 1818 1045 compendii

112 1042 309 1117 imposturam
324 1047 472 1114 aggravat.
487 987 562 1097 veho
576 1039 635 1097 alia
650 1039 745 1113 plura,
758 1058 822 1114 quaa
833 1040 863 1095 iu
879 1039 1039 1096 hocceeom
1062 1039 1182 1095 andium
1198 1039 1460 1097 animadvertimus
1475 1040 1820 1116 inlibrulleprs‘vilegt't'ret

114 1117 284 1187 exemptione
297 1114 412 1187 capitoli
423 1112 770 1183 cathedralial'eroransie,
786 1128 854 1186 pag.
869 1113 914 1168 77.
924 1111 990 1168 Hae
1004 1056 1103 1167 nahem
1119 1126 1213 1184 pauca
1228 1109 1337 1167 indicia
1350 1110 1405 1168 hoe
1420 1112 1483 1169 loco
1498 1113 1820 1189 sotissupuerqueesse

112 1186 259 1249 videntur.

848 1506 1082 1596 NOTITIA

235 1660 395 1723 Sententia
408 1660 577 1743 suppositis
589 1659 740 1722 liodoaldi
747 1657 1144 1800 mtrrbpcpznpppptggemeo
1168 1667 1273 1720 contra
1289 1656 1465 1720 liutharium
1474 1678 1535 1742 pro
1551 1661 1700 1724 comatre

541 1875 593 1944 (Ex
606 1877 720 1931 vestuto
735 1871 867 1948 exemplo
882 1870 993 1930 archivi
1007 1869 1180 1943 capitularis
1195 1870 1330 1927 Veronae
1339 1869 1390 1928 sis,

152 2161 235 2217 Anno
250 2158 407 2215 Dominice
419 2158 628 2216 iucarnationis
642 2159 706 2226 968,
718 2159 817 2217 domni
829 2176 945 2234 quoque
959 2162 987 2231 Α
1000 2157 1083 2214 irrita
1096 2161 1125 2214 et
1140 2157 1237 2215 inanis
1251 2160 1280 2214 et
1292 2174 1384 2215 vacua
1397 2161 1484 2225 esset,
1517 2160 1633 2235 recepit
1644 2162 1752 2221 domno
1766 2164 1822 2222 lio-

114 2230 355 2290 boannissancte
362 2230 498 2287 Romane
504 2229 945 2305 Ecclesiaeetuuiversalispapae
1000 2229 1106 2287 dualdo
1121 2235 1228 2286 sunctae
1241 2228 1436 2302 Aquileiensis
1444 2176 1579 2289 blocheeie
1588 2234 1822 2293 reverentissimo

115 2302 295 2432 presulatus
321 2304 386 2374 ejus
406 2303 536 2359 secundo
559 2320 647 2371 auno,
669 2309 697 2360 et
712 2304 828 2377 imperii
844 2304 945 2361 donini
999 2300 1183 2427 patriarche,
1208 2306 1242 2357 ut
1253 2301 1390 2382 Muenna
1404 2301 1531 2371 rediens,
1546 2303 1649 2361 tandiu
1659 2312 1824 2365 moraretur

145 2374 246 2431 thenis
280 2373 385 2430 iissimi
414 2375 598 2447 imperatoris
618 2376 742 2447 Augusti
758 2393 846 2446 nono,
863 2377 944 2448 regni
1023 2390 1129 2441 aronae,
1143 2372 1235 2428 donee
1251 2371 1408 2444 diligenter
1419 2371 1593 2455 investigare
1608 2379 1717 2447 posset,
1731 2394 1822 2451 quarn

116 2462 160 2512 ou
203 2462 239 2503 ue
253 2391 353 2502 heroni
369 2444 493 2502 Othonis
518 2445 570 2501 filii
587 2448 651 2518 ejus
666 2447 763 2515 tertio,
779 2447 873 2519 pridie
888 2448 945 2504 Idi·
999 2443 1205 2501 rectitudinem
1214 2444 1381 2514 frequenter
1394 2441 1516 2500 dictuse
1538 2450 1822 2521 recopus,autquam

116 2518 176 2575 bus
215 2516 263 2585 aii,
279 2515 944 2597 lunavigesimatertia,indictioneundecima.
999 2515 1100 2572 crebro
1115 2513 1257 2570 nominati
1273 2514 1404 2571 canouim
1424 2513 1454 2571 iu
1523 2532 1570 2574 em
1590 2515 1776 2577 haherentre
1791 2524 1822 2579 et

156 2587 324 2645 istiusmodi
356 2605 449 2660 agmae
465 2588 622 2661 descriptio
633 2589 768 2662 exposita
779 2591 946 2647 luissovere
1000 2585 1194 2661 possessione.

116 2660 266 2728 credatur,
283 2606 416 2731 nullique
427 2660 646 2741 ambigendum,
682 2660 946 2733 uiltquinldom-
1034 2662 1106 2714 cnm
1120 2661 1219 2713 autom
1232 2657 1361 2715 venisset
1375 2658 1502 2716 domnus
1534 2659 1679 2720 atriarcha
1705 2666 1822 2723 etresc-

117 2748 194 2788 num
211 2731 656 2802 Ratheriumprudentissrmum
691 2733 946 2805 eroaourbisepi·
998 2729 1093 2811 disset
1108 2729 1144 2785 ad
1161 2729 1375 2811 monasterium
1390 2735 1497 2787 sauata
1542 2705 1820 2809 arioeadthrganum

116 2819 171 2859 seo
193 2802 792 2876 umcausationisquerelamproposuisset
805 2804 945 2862 adversus
998 2805 1179 2868 vocitatum,
1196 2799 1285 2869 rllrco,
1302 2806 1336 2857 at
1349 2800 1407 2858 sibi
1422 2802 1824 2877 lueratimpcratum,couvo-

120 2820 252 2933 aechhsiae
275 2891 336 2931 sua
360 2874 525 2943 canonicos,
549 2875 661 2941 dicens,
699 2875 945 2933 uoditasihica-
999 2871 1224 2929 cotiaeumdem
1244 2872 1415 2954 episcopum
1434 2874 1560 2948 ejusque
1577 2877 1734 2937 canonicos
1758 2878 1819 2936 ait:

119 2945 228 3003 aonios
242 2945 413 3002 auctoritate
425 2950 611 3018 competeret,
619 2892 800 3072 praehiorum
815 2946 946 3005 redditus
999 2943 1058 3000 Vos
1074 2942 1217 3011 canonici,
1240 2960 1265 2999 s1
1291 2943 1407 3018 aliquas
1433 2942 1549 3003 hahetis
1572 2946 1647 3005 606
1670 2948 1821 3009 firmitatis

120 3034 140 3075 a
153 3017 291 3074 tidelibus
302 3021 332 3074 et
341 3017 613 3073 Deumtimentihus
639 3016 946 3090 elegatoshomiaibus
999 3014 1160 3085 chartulas,
1176 3019 1227 3071 aut
1241 3014 1318 3072 ullas
1332 3019 1500 3075 testamenti
1511 3016 1645 3093 paginas,
1659 3024 1821 3095 autregum

120 3088 289 3163 disponere,
324 3088 573 3160 quemadmodum
606 3088 653 3144 sui
682 3091 868 3163 episcopatus
898 3106 945 3147 ras
1021 3091 1143 3159 recepta
1157 3087 1310 3144 devestris
1335 3086 1424 3145 robus
1438 3093 1467 3145 et
1484 3090 1731 3163 possessionibus,
1745 3110 1821 3167 quus

120 3160 289 3233 disponere,
307 3165 335 3216 et
350 3160 486 3217 ordinare
500 3160 661 3217 videbatur.
677 3161 730 3217 Cui
743 3166 862 3218 econtra
876 3178 946 3233 pra·
999 3104 1097 3215 hicitis
1112 3157 1230 3240 habere,
1247 3158 1390 3240 ostendite
1404 3160 1607 3231 coramnobis,
1623 3167 1761 3221 alcoram
1774 3182 1821 3223 vs·

122 3231 266 3288 nominati
289 3231 429 3299 canonici,
454 3232 612 3287 concordes
637 3236 666 3287 et
688 3232 842 3289 unanimes
866 3232 944 3303 sacti,
1000 3234 1061 3286 stro
1075 3246 1210 3301 episcopo
1225 3227 1409 3301 alnsquehic
1434 3231 1641 3302 residentibus,
1658 3235 1821 3307 quibusrei

123 3303 334 3376 respondentes
359 3303 513 3358 dixerunt:
533 3303 609 3370 Jam,
631 3302 706 3359 hone
730 3308 759 3359 et
774 3304 819 3376 pie
834 3310 944 3376 pastor,
998 3301 1150 3357 veritatem
1174 3298 1339 3357 discernere
1363 3300 1523 3359 valeamus.
1547 3305 1629 3360 Tunc
1644 3306 1819 3364 Ambrosius

122 3374 319 3431 ducentorum
340 3374 436 3445 spatia
459 3390 602 3429 annorum
618 3374 947 3447 transactaplenissime
1000 3371 1242 3444 archipresbyter,
1269 3376 1298 3427 et
1320 3372 1423 3429 Petrus
1442 3373 1676 3445 archidiaconus,
1692 3377 1820 3434 ioannes

120 3446 182 3502 iore
206 3446 350 3511 videntur,
373 3461 407 3500 ex
423 3461 480 3526 quo
496 3445 594 3500 nullus
611 3445 646 3501 de
660 3444 765 3501 vestris
780 3450 945 3503 autecesso·
1000 3443 1231 3499 etiametPetrus
1246 3441 1433 3498 diaconicum
1448 3443 1607 3516 aliquantis
1617 3448 1821 3519 axmajoribus

119 3516 204 3573 ribus
217 3533 311 3589 usque
326 3516 356 3571 in
372 3515 545 3572 hodiernum
560 3516 638 3571 diem
654 3533 685 3572 se
699 3518 875 3590 quandoque
890 3518 945 3575 hae
998 3517 1028 3571 et
1042 3513 1205 3569 minorihus
1220 3513 1657 3588 canonicisstatimsurgentese
1667 3534 1818 3587 consessu,

119 3588 156 3645 de
171 3604 262 3643 causa
276 3587 446 3652 intromisit,
463 3588 596 3643 sieutvos
607 3588 945 3654 laceravidemini.0uid·
998 3585 1190 3641 ostenderunt
1204 3600 1304 3640 eorum
1318 3588 1561 3643 testamentorum
1582 3588 1714 3670 paginas,
1730 3593 1759 3647 et
1775 3607 1820 3648 re-

119 3659 192 3733 quid
204 3660 283 3715 enim
298 3659 389 3714 nostri
405 3660 632 3731 praedecessores
647 3676 698 3731 per
712 3660 876 3716 mercedem
890 3661 942 3718 do-
994 3673 1067 3730 gum
1081 3659 1234 3729 precepta,
1248 3660 1277 3712 et
1292 3656 1426 3713 dixerunt
1438 3674 1445 3713 :
1457 3658 1514 3725 Ha,
1531 3675 1638 3729 semor,
1655 3663 1820 3718 sunttesta·

118 3747 258 3787 macrum
274 3747 376 3803 regum
391 3733 419 3784 et
443 3729 652 3802 imperatorum
674 3731 773 3802 quieto
786 3736 943 3789 tonuerunt
997 3732 1163 3784 mentorum
1190 3727 1820 3802 agino,perquasresetpossessionesnohis

115 3801 233 3869 ordine,
249 3801 305 3857 suh
318 3817 422 3857 omnes
437 3805 548 3882 vestros
565 3807 774 3870 antecessores,
785 3803 836 3875 qui
847 3804 877 3861 iu
888 3803 943 3860 huo
997 3798 1117 3856 collatas
1131 3744 1327 3881 dehndimus.
1344 3798 1523 3873 Praecptum
1537 3805 1592 3873 est,
1608 3806 1642 3859 ut
1656 3803 1700 3860 he
1715 3803 1821 3862 incon-

114 3872 191 3929 arbe
214 3872 333 3929 luerunt
347 3872 486 3947 episcopt,
503 3872 558 3928 hoe
582 3872 660 3928 idem
674 3876 704 3928 et
726 3891 781 3930 uos
802 3874 943 3931 moderno
995 3871 1162 3928 sedentium
1177 3870 1645 3955 eterroumstautiumlsgerentur
1657 3875 1761 3932 auditu
1777 3881 1821 3933 :st

114 3946 216 4001 tenere
231 3943 368 4017 'cupimus
381 3949 512 4017 tempore
528 3960 579 4017 per
594 3945 758 4000 mercedem
771 3945 858 4003 istius
868 3963 942 4003 sere·
996 3943 1073 3999 luter
1087 3940 1243 4015 legendum
1258 3941 1354 4024 primo
1370 3941 1463 3999 lectus
1478 3945 1534 3999 furt
1544 3945 1696 4016 judicatus
1731 3946 1766 4003 ia
1776 3965 1821 4005 re-

115 4014 236 4072 nissimi
259 4014 455 4091 imperatoris.
482 4014 557 4070 Dum
582 4032 649 4071 vero
665 4015 725 4072 hac
737 4015 886 4074 altercatio
900 4017 942 4075 sic
996 4012 1175 4071 cordationis
1189 4014 1265 4069 Petri
1281 4012 1390 4078 elerici,
1406 4014 1513 4072 dehinc
1526 4016 1690 4085 Giselherti,
1703 4018 1821 4092 judiea-

116 4086 197 4144 inter
214 4089 355 4160 utrasque
377 4085 550 4142 dilataretur
568 4092 685 4159 partes:
707 4104 772 4145 ecce
787 4088 942 4217 legationis
996 4090 1045 4142 tua
1059 4084 1319 4168 quoqueNotkerii
1334 4090 1363 4141 et
1375 4084 1500 4160 Rillongi
1514 4088 1731 4161 episcoporum.
1751 4092 1820 4156 Qum

114 4174 205 4233 preco
223 4156 323 4214 domni
347 4157 534 4232 imperatoris
559 4162 588 4214 et
600 4158 702 4214 domni
719 4175 800 4233 papae
838 4161 942 4217 oannis
996 4156 1105 4230 scripta
1130 4172 1193 4229 part
1214 4161 1243 4212 et
1261 4157 1418 4213 manifesta
1440 4159 1553 4214 ratione
1572 4165 1729 4228 testantur,
1746 4167 1780 4217 ut
1793 4163 1819 4219 si

115 4230 218 4287 missa
233 4246 285 4304 per
300 4229 377 4286 604
392 4229 560 4285 universum
583 4246 613 4285 rc
635 4246 706 4285 num
719 4231 894 4295 vociferans,
909 4237 943 4288 ut
996 4227 1820 4307 ullusaliquandat'eroueuslsspiscopusdeordinatione

115 4301 217 4359 cuncti
242 4301 371 4376 episcopi
397 4300 566 4356 Ravennam
591 4245 634 4357 ah
647 4306 780 4358 sanctam
796 4304 941 4429 spnadum
996 4303 1026 4356 et
1041 4297 1205 4371 provisione
1219 4297 1462 4379 archipresbyteri
1476 4304 1506 4355 et
1520 4300 1716 4357 archidiaconi
1731 4307 1761 4358 et
1775 4320 1820 4359 sa-

99 4371 380 4429 ·ouooelebrandam
395 4372 579 4442 festinarent,
593 4372 671 4428 sicut
685 4373 811 4429 dudumi
827 4374 944 4429 lisindi-
996 4371 1147 4426 cardetum
1162 4371 1192 4424 et
1204 4369 1394 4425 diaconorum
1406 4375 1549 4443 potestate
1565 4386 1611 4426 ros
1621 4376 1650 4429 et
1677 4375 1819 4429 assessio-

115 4446 198 4500 etum
215 4444 319 4500 luerat.
337 4444 505 4500 Ravennam
521 4442 943 4518 igiturcumprmlatusepiseo-
995 4455 1164 4497 noseorum
1180 4445 1505 4503 removereeonaretur,
1529 4441 1630 4498 statim
1668 4443 1816 4500 eveniren-

113 4514 326 4589 praefestinare
341 4515 496 4583 videretur,
512 4515 642 4587 praedicti
658 4515 790 4571 canonici
801 4518 940 4585 suam,ad
995 4512 1026 4569 lu
1037 4514 1211 4585 potestatem
1227 4510 1820 4588 etordinatianempareatumsorum,qui-

112 4586 749 4661 mercedemdomniimperatoris,coniestim
761 4587 941 4644 destinantes
995 4580 1817 4658 cunqueiaveniripotuerint,etjudicembabeantlleum,

113 4654 304 4731 legationem,
319 4657 400 4714 illius
416 4658 670 4730 perinterauutios
678 4656 829 4715 humiliter
839 4658 942 4732 implo
994 4658 1024 4712 el
1038 4653 1194 4710 anathema
1207 4658 1368 4709 maranata.
1384 4654 1696 4729 Lectuminsuperttrit
1710 4674 1819 4732 praee·

111 4733 256 4789 severunt
270 4728 468 4791 clementiam,
484 4733 518 4784 ut
533 4728 557 4784 si
567 4729 940 4811 idemdoflmnusepiscopus
994 4730 1078 4853 ptum
1093 4724 1197 4807 domni·
1210 4723 1676 4853 hudomcgpiissimiimperatods
1694 4730 1818 4802 Augusti

110 4798 293 4857 insaaetas
314 4802 389 4858 nodo
405 4798 573 4856 deillorum
590 4801 819 4858 eanonicainter
839 4808 941 4859 catera
1005 4800 1332 4870 oquopreorprtur,qu
1388 4795 1818 4874 nulluseprscopus,nullaque

111 4868 251 4931 aaroni
264 4818 936 4955 vehletmsquaquameiasseusustrihueretur:
954 4904 977 4973 G
995 4867 1053 4925 alia
1068 4867 1234 4941 magnevol
1250 4883 1339 4940 parva
1354 4884 1479 4941 persona
1494 4884 1526 4952 se
1540 4869 1735 4929 intromittere
1745 4889 1818 4945 prn-

111 4941 596 5001 sedsubsuadelcnsromstutola
611 4941 940 5017 resilierumotposses-
995 4939 1144 4997 sumatde
1159 4939 1261 4994 eadem
1280 4954 1322 5007 re,
1338 4945 1368 4995 et
1385 4942 1615 5012 possessiouem)
1652 4942 1818 5002 deillorum

112 5013 215 5071 aiones
229 5018 350 5082 teneret,
366 5016 445 5072 siout
460 5029 563 5071 omnes
579 5013 625 5068 sui
636 5015 767 5070 lecerunt
781 5017 939 5089 praedeces-
991 5009 1115 5068 coneilio
1129 5013 1158 5066 et
1171 5024 1327 5067 consensa.
1344 5010 1531 5068 boetaetiam
1541 5012 1614 5069 Rato
1648 5014 1700 5071 ide
1709 5015 1819 5089 sepius

108 5100 207 5145 mres.
224 5087 354 5153 Quorum
369 5085 545 5161 deprecatio,
568 5083 638 5157 quia
656 5086 740 5156 justa
764 5092 792 5144 et
814 5087 939 5145 rationa-
991 5082 1142 5141 nominata
1156 5097 1187 5138 re
1201 5085 1231 5138 et
1245 5081 1430 5155 possessione
1445 5084 1818 5153 autemmonstruosi

110 5154 184 5215 bilis
198 5156 255 5214 sihi
271 5175 335 5215 esse
349 5158 513 5225 videbatur,
528 5155 664 5229 pracepit
680 5156 776 5214 eidem
791 5158 937 5232 episcopo,
992 5159 1115 5213 ostense
1128 5156 1199 5210 sunt
1221 5157 1251 5235 et
1264 5150 1328 5208 ntia
1343 5152 1466 5227 pagina,
1482 5153 1817 5232 quibue,silegsreutur‚

111 5226 939 5303 utnullamododepradietarumcanonicorumscintra-
992 5242 1049 5283 uon
1066 5224 1296 5281 sufficeretdres.

108 5292 243 5357 micaret
257 5301 345 5359 robus
358 5305 387 5358 et
398 5299 646 5376 possessionibus,
663 5304 695 5355 ut
710 5299 828 5372 pacifice
843 5301 938 5358 viven-
1026 5297 1238 5353 Videasautem
1252 5295 1380 5353 domnus
1389 5296 1565 5373 patriarcha,
1575 5300 1817 5374 quiesacuodum

110 5372 157 5429 tes
170 5369 273 5429 liceret
286 5372 330 5431 eis
344 5373 437 5430 Deum
451 5375 629 5443 sanctosque
642 5369 722 5429 illius
739 5387 792 5445 pro
805 5388 837 5429 se
847 5375 875 5429 et
886 5389 938 5447 pro
992 5368 1168 5452 paginarum
1182 5365 1369 5424 traditionem
1376 5366 1458 5450 nullo
1464 5369 1656 5429 moderarum
1662 5372 1817 5457 possessio

107 5456 235 5499 suorum
250 5459 281 5501 re
323 5461 408 5502 orum
423 5447 502 5502 statu
517 5459 644 5499 exorare.
660 5442 696 5499 Et
711 5459 746 5498 ne
761 5442 889 5516 amplius
901 5445 937 5502 ab
991 5456 1140 5499 canonicas
1155 5454 1294 5495 concesso
1307 5439 1343 5495 ad
1358 5455 1456 5512 eprsco
1479 5440 1815 5516 ipcrtineretJndioium,

107 5512 226 5584 aedona
249 5532 284 5572 vo
316 5516 353 5572 ab
377 5515 437 5575 ullo
462 5513 594 5589 quolibet
621 5513 781 5571 Veronensi
802 5513 937 5589 episcopo
991 5509 1379 5594 pracepitteidemepiscopo
1404 5456 1816 5588 Ratherioeapartelleiom-

108 5582 213 5659 atique
232 5589 409 5661 quaudoque
434 5588 469 5644 dc
492 5603 570 5668 sepe
586 5587 738 5642 nominata
752 5589 938 5657 possessione
991 5582 1209 5667 uipalcnttw
1224 5581 1353 5655 amplius
1368 5582 1404 5639 de
1424 5582 1545 5641 illorum
1562 5584 1815 5669 possessionibus,

109 5659 275 5731 promoveri
297 5664 397 5733 posset
420 5659 569 5717 altercatio
584 5675 591 5726 ;
614 5661 643 5713 et
656 5656 681 5714 si
706 5661 934 5730 promoveretur,
990 5653 1051 5713 illa
1065 5670 1083 5712 a
1097 5650 1236 5715 acaunus
1250 5646 1422 5716 homnibus
1438 5670 1598 5729 concessas,
1613 5671 1646 5716 ss
1659 5656 1818 5719 acumico-
