3892 6090
108 288 169 353 aet
587 273 829 347 linteatum
851 267 1126 335 claudianenses
1148 263 1338 330 uelabant.
1758 257 1819 323 Μ

110 419 215 490 hisque
229 417 336 474 Grecos
349 410 547 487 depopulandi
575 407 748 471 nouando
775 405 866 479 dupla
890 420 935 463 re·
947 406 977 475 A
989 401 1030 460 tis
1045 401 1078 439 ²¹⁸
1089 402 1129 458 ad
1145 405 1262 473 tempus
1277 415 1335 455 non
1347 411 1411 454 ease
1427 393 1651 470 permiserunt
1663 405 1725 466 quo
1736 391 1818 449 iaaac

109 505 258 580 penditur.
990 491 1107 565 gravius
1122 487 1305 563 premeretiu
1319 485 1478 554 infimiseo
1489 482 1714 543 misericordius
1724 496 1820 538 rama·

144 595 190 651 29.
207 595 291 650 liano
325 591 434 652 etenim
461 589 628 649 Simeonem
657 586 818 659 emiargon,
843 584 872 641 id
892 583 937 639 est
989 579 1146 638 namnetin
1160 571 1821 644 summinNammtfertur¹¹⁰,hujaatempore

111 683 315 757 semigrecum,
348 697 413 740 esse
442 680 570 748 aiebant,
595 695 629 735 eo
657 676 736 751 quod
764 691 783 733 a
808 671 938 746 puericia
992 667 1139 743 passionis
1155 665 1314 722 familiares
1329 664 1461 721 etiam¹⁸⁰
1475 661 1579 735 capitis
1589 662 1725 734 tumeret
1738 658 1821 747 subi·

111 772 234 830 Bizantii
250 770 433 829 Demostenis
449 767 625 827 rhetoricam
641 759 940 835 Anatolelisquesilo·
992 756 1299 821 macutantiamiduos
1309 753 1454 811 nmenad
1467 767 1531 809 ease
1541 750 1659 812 radiens
1669 750 1725 806 boe
1735 754 1820 822 pacto

113 863 225 937 gismos
240 860 384 919 didicerit.
398 860 468 917 Post
495 857 557 914 heo
579 860 689 924 autam
706 851 815 911 relictis
830 850 939 911 artium
993 846 1169 920 requirebat,
1183 848 1217 901 ut
1231 844 1288 900 nisi
1317 860 1392 916 quos
1414 839 1553 915 jugulare
1562 841 1698 912 jusserat
1718 839 1823 896 redde·

115 951 231 1020 studiis,
248 955 281 1008 ut
309 948 392 1007 aiunt
415 945 645 1007 conversationis
673 945 782 1001 sancta
804 938 940 1001 habiturn
989 940 1104 1003 matur,
1116 934 1182 1007 pari
1196 934 1253 1007 ipsi
1269 933 1318 1007 qui
1333 933 1388 988 huc
1402 931 1558 988 effecerant
1571 928 1719 986 sannatia
1737 929 1822 984 dam-

116 1040 252 1114 sumpsit.
269 1040 376 1097 Verum
403 1036 493 1111 paulo
521 1038 588 1108 post
611 1030 753 1106 regnandi
781 1028 941 1101 eupiditate
994 1024 1207 1085 ostentandae
1221 1023 1312 1096 igitur
1320 1026 1430 1079 terrore
1440 1035 1516 1093 quos
1531 1019 1671 1075 damnare
1678 1019 1823 1090 jusserat,

105 1131 266 1204 deceptus,
282 1146 318 1189 ea
339 1128 454 1200 placida
475 1122 645 1181 monasterii
667 1120 765 1195 quiete
792 1118 824 1180 iu
850 1115 942 1177 secut
995 1115 1197 1172 servabantur.
1212 1113 1267 1169 Sed
1283 1128 1350 1168 cum
1365 1108 1576 1184 hocsepiuaet
1592 1109 1700 1164 iterum
1714 1107 1825 1166 Basilio

86 1208 89 1215 ‘
118 1219 276 1295 procellam
303 1216 449 1283 transivit,
478 1212 624 1285 elegitque
646 1210 744 1284 potius
778 1209 941 1280 apostatam
994 1201 1285 1274 laceret,hujusmodi
1300 1218 1319 1257 a
1333 1197 1391 1257 sibi
1408 1197 1650 1272 obsequentibus,
1662 1212 1718 1270 pro
1730 1195 1826 1266 aelus,

118 1308 282 1376 lulianam,
312 1323 402 1378 quam
429 1302 635 1360 beatissimum
666 1300 784 1355 Petrum
817 1294 942 1353 calestia
997 1290 1295 1364 accepitconsilium:
1313 1311 1327 1341 a
1343 1287 1629 1345 Nefoneinsman·
1641 1286 1827 1359 regnejussio

121 1397 203 1471 regni
229 1395 311 1468 sequi
339 1393 526 1465 clavigerum.
553 1391 606 1458 eui
629 1391 702 1445 duos
731 1387 807 1443 tilios
829 1382 943 1452 haluuit,
997 1379 1157 1452 aliquando
1172 1395 1207 1437 ox
1221 1375 1828 1450 industriaatcnondiligentibas,imma

120 1503 214 1543 aruum
230 1485 348 1542 uomina
362 1484 516 1554 bajanam,
532 1480 667 1546 alterum,
683 1477 733 1549 qui
758 1488 945 1543 nuncusque
997 1469 1085 1527 hodio
1101 1469 1288 1536 habentibus,
1305 1466 1473 1540 impleatur,
1485 1483 1554 1522 eum
1575 1469 1609 1521 tu
1631 1464 1733 1538 pitius
1753 1466 1830 1521 ouci-

121 1579 256 1647 superest
270 1576 461 1646 potenterque
474 1568 619 1642 Balgariis
631 1561 945 1640 principatur,nomiuc
998 1558 1069 1629 dim,
1085 1562 1173 1631 atque
1187 1555 1351 1629 imperialia
1364 1559 1481 1629 sceptra
1493 1554 1634 1628 suscipito
1647 1554 1696 1609 Μ.
1715 1576 1731 1605 a
1741 1554 1830 1620 Quod

122 1664 239 1721 Petram
255 1662 338 1734 (105).
355 1661 498 1733 bajanum
513 1663 612 1715 autem
635 1657 707 1715 adeo
722 1655 793 1714 lero
807 1654 840 1689 ²¹³
854 1651 945 1723 magi·
999 1647 1063 1705 siae
1073 1647 1221 1715 dilatione,
1238 1663 1305 1702 eam
1312 1651 1425 1702 terrare
1439 1643 1690 1718 compulsantum
1701 1659 1829 1718 regnaa-

122 1769 187 1809 cam
202 1751 353 1817 didicisse,
370 1753 402 1805 ut
426 1766 460 1805 ex
489 1747 608 1803 bomine
632 1744 729 1800 subito
755 1741 817 1797 flori
841 1740 944 1812 lupum
998 1746 1202 1818 &eupiditate
1227 1746 1377 1817 deeeptua,
1407 1742 1571 1816 complevit.
1588 1742 1828 1816 Hostiaquein'.

123 1855 377 1914 quamvecumque
392 1852 526 1893 cerneres
541 1836 642 1892 leram.
1001 1835 1131 1903 tentante,
1147 1833 1243 1890 lactus
1257 1837 1303 1889 est
1316 1834 1475 1906 imperator
1489 1830 1623 1889 nomime.

159 1932 203 1984 30,
221 1930 367 1984 Romanos
389 1931 528 1998 praterea
551 1924 663 1985 eodem,
678 1938 735 1994 quo
763 1923 845 1992 pater
859 1917 947 1975 vasil·
1037 1925 1081 1979 33.
1097 1924 1226 1996 Denique
1245 1938 1332 1995 parvo
1359 1926 1509 1978 transacto
1533 1925 1676 1994 tempore,
1691 1921 1766 1978 huic
1783 1926 1833 1979 llo-

125 2019 188 2075 leos
200 2017 378 2072 constitutus
392 2015 426 2049 '¹‘
441 2017 485 2070 est
499 2028 587 2080 anno,
602 2011 693 2068 liliam
708 2025 793 2071 suam
809 2007 948 2067 Helenam
1003 2014 1103 2070 minus
1117 2018 1216 2069 noster
1227 2010 1314 2068 Jesue
1325 2009 1667 2083 Christuspervisionem
1679 2011 1831 2084 apparuit,

127 2105 296 2180 imperatori
312 2102 442 2176 parvulo,
458 2101 577 2159 domino
593 2117 657 2168 suo,
671 2098 864 2156 Constantino
880 2096 949 2152 Por·
1003 2103 1113 2160 domini
1127 2101 1217 2173 hujus
1231 2099 1416 2174 imperatoris
1435 2100 1595 2169 dexteram,
1612 2099 1700 2171 cujus
1719 2099 1771 2156 hic
1782 2116 1831 2158 ne·

126 2194 318 2270 phyrogeuito
333 2193 489 2264 conjugem
501 2191 590 2246 dodil-
601 2187 883 2262 porphyrogenitum
897 2201 949 2242 nn-
1003 2192 1045 2250 cis
1059 2195 1161 2249 auctor
1174 2189 1310 2246 extiterat
1324 2189 1368 2257 Μ,
1385 2193 1498 2256 tenens,
1525 2204 1651 2262 eumque
1668 2189 1709 2269 ila
1725 2206 1829 2247 conve·

125 2290 184 2343 tem
201 2300 260 2341 non
275 2283 305 2338 in
317 2299 457 2355 purpura,
469 2281 519 2337 sod
531 2281 560 2335 in
576 2281 663 2335 domo
679 2294 742 2351 quae
758 2276 951 2350 Porphyro,ut
1003 2282 1103 2337 niens:
1119 2303 1134 2331 a
1151 2278 1250 2348 Basili,
1260 2282 1292 2334 ut
1305 2279 1377 2350 quid
1391 2277 1562 2334 intericcisti
1577 2277 1832 2335 dominumtuum

122 2365 949 2447 superiusscripsimus,natumappellolitquoniamres
1003 2371 1082 2426 hunc
1112 2368 1282 2425 blialraelom
1304 2367 1536 2440 imperatorem?
1560 2390 1574 2416 »
1602 2368 1832 2443 Expefflefflcans

126 2462 269 2538 pmccssit
285 2461 314 2516 in
328 2460 548 2531 medium,quid
562 2458 599 2514 de
609 2456 699 2529 hujus
709 2453 949 2528 Porphyrogeniti
1003 2460 1113 2532 itaque,
1125 2459 1199 2517 tanti
1215 2474 1247 2515 se
1261 2474 1345 2514 reum
1361 2457 1441 2512 novit
1453 2472 1518 2514 essa
1534 2460 1642 2524 reatae,
1660 2458 1833 2538 mquam

126 2551 226 2628 genesi
242 2550 410 2608 audivimus
436 2547 565 2621 prolerre
589 2546 695 2603 iterum
719 2546 753 2581 ²¹³
768 2560 825 2601 non
841 2543 948 2616 pigenh
1004 2565 1069 2606 sese
1082 2546 1207 2614 rediens,
1225 2547 1302 2619 quod
1319 2545 1472 2618 superhoc
1489 2546 1605 2613 laceret,
1621 2546 1786 2619 cogitabat.

126 2638 377 2716 quemadmodum
393 2641 421 2694 et
443 2636 474 2692 ia
501 2634 592 2708 priori
617 2633 693 2691 libra
721 2633 832 2695 eisdem
855 2631 950 2691 verbis
1039 2639 1083 2694 31.
1097 2629 1401 2708 Consortatus'itaque
1415 2633 1470 2691 hac
1496 2634 1613 2691 Domim
1636 2650 1690 2709 per
1704 2634 1831 2709 prophe·

125 2728 219 2803 tytulo
232 2730 261 2799 6,
277 2731 305 2794 7,
321 2729 348 2791 8,
365 2725 451 2794 o,10,
467 2724 610 2796 scriptum
626 2721 763 2795 reperies.
999 2731 1065 2784 tam
1080 2725 1192 2782 sdubri
1206 2728 1236 2783 et
1249 2739 1317 2781 vera
1340 2723 1512 2796 acceptabili
1532 2723 1743 2797 promissione,
1759 2738 1831 2803 quo·-

162 2818 207 2874 31.
223 2814 432 2873 Constantinus
454 2812 615 2884 imperator
637 2816 792 2884 augustus,
808 2827 843 2871 ex
866 2809 951 2881 cujus
1002 2816 1083 2873 niam
1099 2818 1312 2889 inporeitumque
1336 2813 1381 2870 die
1402 2822 1528 2885 peccator
1546 2814 1725 2892 inponente,
1740 2814 1831 2870 acleus

128 2905 249 2964 nomine
264 2900 534 2973 Constantinopolis
550 2903 595 2957 est
608 2900 712 2959 sortito
725 2897 900 2962 vocabulum
914 2898 952 2959 ol·
999 2907 1058 2962 erit
1070 2904 1177 2978 (doech
1192 2902 1422 2975 xxaru,12),cum
1434 2901 1573 2976 lacrymis
1586 2907 1616 2959 et
1629 2903 1791 2977 gemitibus
1801 2918 1831 2960 se

127 2994 213 3065 vitas,
228 3002 271 3050 τὸν
286 3000 352 3049 clav
365 2993 524 3061 resecatam
538 2988 605 3049 icon
620 2989 840 3060 tuton,domum
850 2988 950 3057 isam,
1002 2999 1230 3068 paccatorem,se
1244 2992 1400 3066 sanguinis
1413 2991 1746 3049 iunocentisellusorem
1757 3008 1829 3060 esse,

130 3084 266 3140 edificare
292 3080 393 3153 jussit,
415 3077 462 3137 oni
489 3078 637 3151 Porphyro
660 3093 765 3140 nomen
792 3077 950 3151 imposnil3
1002 3084 1211 3143 conflabatur.
1228 3083 1308 3141 Bono
1321 3085 1421 3138 summ
1436 3080 1559 3139 consilio
1574 3085 1704 3155 accepto,
1721 3082 1830 3140 amicos

129 3170 280 3244 voluitque
308 3184 511 3226 successuram
539 3167 700 3225 nobilitatis
730 3184 790 3225 sua
818 3150 990 3231 subolemll
1008 3174 1064 3232 ,ihi
1078 3174 1114 3230 (ιθ
1127 3188 1266 3234 mona
1280 3170 1447 3244 iniquitatis
1476 3170 1619 3240 effecerat,
1635 3174 1670 3226 ut
1694 3187 1772 3244 quos
1787 3171 1830 3228 hie

128 3261 219 3321 isthic
245 3260 275 3316 in
303 3259 398 3316 lucem
427 3257 553 3331 prodire,
583 3257 723 3328 quatinus
756 3256 806 3329 qui
837 3274 890 3315 suo
919 3273 953 3319 nx
1004 3261 1217 3335 temporalibus
1240 3258 1383 3318 subsidiis
1411 3259 1624 3330 consolaretur,
1642 3276 1748 3318 eorum
1763 3276 1830 3335 pra·

131 3353 255 3407 ammata
272 3350 471 3418 nascerentur,
501 3345 648 3403 luculenta
676 3345 730 3403 bao
759 3345 953 3419 appellatione
1002 3352 1092 3409 cibas
1117 3351 1154 3406 ab
1182 3354 1288 3408 aterno
1317 3349 1455 3424 gahamo
1483 3349 1621 3406 incendio
1648 3349 1832 3408 liberaretur.

131 3435 369 3511 Porphvrogeniti
385 3436 560 3492 dicerentur.
576 3434 657 3491 Unde
672 3438 701 3492 et
718 3434 796 3493 huno
809 3436 952 3495 Constan·
1005 3439 1169 3505 Fabrioovit
1185 3443 1282 3495 autem
1297 3438 1436 3512 precioso
1456 3440 1485 3495 et
1509 3436 1637 3496 mirabili
1651 3454 1743 3512 opere
1755 3441 1833 3513 juxta

128 3527 236 3593 tinum,
253 3522 952 3598 Leonisimperatorissslium,exejussanguine
1007 3529 1148 3603 palatium
1163 3528 1304 3584 orientem
1333 3544 1435 3585 verens
1459 3525 1613 3584 eeclesiam
1642 3526 1830 3586 inhonorem

128 3615 261 3674 nonnulli
290 3616 392 3672 dinnnl
427 3613 569 3686 originem
599 3613 705 3671 dnoonn
732 3621 951 3684 nouvarai-<or
1006 3619 1116 3677 summi
1129 3623 1159 3675 et
1173 3617 1289 3675 celestis
1301 3615 1412 3674 militia
1423 3616 1565 3690 principis
1579 3617 1650 3673 met
1665 3616 1830 3693 archangeli

128 3714 203 3764 αὐτοῦ
218 3712 351 3775 aelatae
366 3711 430 3771 αὐτή
445 3711 527 3770 ἔστην,
544 3703 582 3759 lin
598 3717 737 3775 ssononnos
758 3701 794 3757 dn
814 3706 884 3759 nnln
899 3701 951 3758 nli·
1007 3707 1192 3776 idicbubeh's,
1209 3707 1261 3780 qui
1274 3707 1365 3764 Gracc
1380 3705 1611 3780 arduistratigos,
1627 3705 1684 3763 hoc
1698 3710 1747 3763 est
1759 3705 1831 3764 mili·

127 3794 168 3849 tia
182 3794 243 3850 auti
256 3792 343 3858 estin,
359 3791 387 3847 id
403 3795 448 3848 est
462 3791 660 3864 generationis
686 3795 785 3847 sirtem
800 3790 889 3864 huJus
904 3807 951 3849 va·
1006 3798 1056 3855 ein
1083 3797 1229 3870 princeps,
1245 3795 1420 3870 appellatur.
1436 3793 1597 3852 Ecclesiam
1622 3799 1724 3853 autem
1739 3796 1829 3875 ipsura

127 3882 199 3939 ritus
215 3881 268 3937 hee
285 3884 339 3936 est.
1005 3902 1091 3954 nean,
1106 3887 1161 3942 hoc
1176 3888 1221 3942 est
1236 3901 1353 3952 novam,
1367 3883 1415 3940 alii
1430 3888 1545 3957 vocant,
1557 3883 1607 3941 alii
1619 3899 1690 3941 vem
1705 3901 1828 3956 ennean

162 3973 207 4027 32.
233 3969 361 4027 Basilius
386 3968 546 4042 imperator
571 3974 727 4042 augustus,
754 3986 826 4026 avus
851 3969 950 4042 hujus,
1005 3976 1084 4048 quod
1113 3978 1215 4032 nostra
1235 3973 1337 4047 lingua
1356 3973 1548 4031 novennalem
1573 3977 1669 4042 sonat,
1695 3973 1829 4049 apellant,

128 4057 952 4130 Macedoniahumililueratprosapiaoriuudus,deascea-
1003 4082 1039 4123 ao
1053 4064 1131 4138 quod
1145 4064 1256 4120 ibidem
1272 4063 1543 4122 ecclesiasticarum
1563 4060 1705 4119 horarum
1722 4063 1828 4121 maehi-

127 4147 228 4220 ditque
244 4143 530 4218 Constantinopolim
545 4146 727 4219 paupertatis
746 4147 830 4220 jugo,
847 4151 880 4204 ut
892 4148 952 4204 eui·
1003 4171 1044 4210 „a
1058 4168 1161 4210 navem
1177 4151 1294 4226 pulsata
1308 4151 1416 4209 ictibus
1430 4155 1524 4209 sonet.

125 4238 193 4295 dam
209 4237 330 4294 serviret
344 4235 523 4309 igumeno,id
539 4239 584 4292 est
598 4235 706 4292 abbati.
720 4234 811 4309 igitur
826 4237 950 4309 impera·
1039 4244 1084 4299 35.
1100 4242 1236 4299 Secundo
1252 4241 1352 4313 itaque
1366 4257 1424 4313 quo
1440 4241 1589 4299 Romanos
1599 4245 1684 4314 pater
1698 4240 1829 4300 vasilleos

126 4330 172 4384 tor
186 4327 236 4401 qui
251 4332 322 4383 tunc
337 4324 477 4398 temporis
493 4328 564 4394 erat,
581 4324 726 4382 blichehel
741 4324 870 4394 nomine,
882 4343 950 4383 oum
1000 4330 1184 4388 constitutus
1198 4335 1243 4387 eat
1257 4346 1333 4385 anno
1347 4334 1522 4388 convocatos
1546 4331 1581 4387 ad
1606 4345 1674 4387 sese
1684 4331 1827 4406 principat

67 4442 73 4453 ¹
125 4416 266 4474 orationis
281 4414 375 4489 gratia
390 4415 426 4471 ad
438 4414 650 4472 monasterium
673 4413 757 4484 illud,
774 4415 803 4471 in
831 4432 888 4488 quo
903 4415 951 4475 hic
1005 4419 1212 4484 itaoonvenit:
1230 4418 1740 4493 «Romanedignitatisarchontes,
1756 4420 1829 4477 tiled

125 4504 322 4573 ministrabat,
338 4504 537 4572 descenderet,
554 4503 627 4560 vidit
646 4503 724 4561 hunc
740 4509 844 4576 prater
856 4505 988 4592 iormap
1002 4509 1163 4584 principes,
1174 4508 1313 4582 quoniam
1326 4508 1409 4565 vobis
1424 4508 1567 4565 consultis
1583 4525 1642 4565 aon
1657 4507 1769 4581 solum,
1788 4509 1828 4564 in·

124 4600 236 4652 ceteros
251 4594 568 4667 egregia,accitumque
582 4592 949 4667 tonigumenomrogavit,
1004 4615 1105 4673 quam,
1133 4602 1215 4672 pater
1242 4597 1377 4654 vasilleos
1412 4613 1480 4653 sum
1509 4596 1701 4668 constitutus,
1732 4594 1827 4656 verum

122 4689 197 4741 utsc
211 4685 334 4740 donaret
349 4683 403 4739 hoc
414 4699 504 4755 puero
521 4700 528 4751 ;
546 4699 633 4755 quem
650 4682 814 4755 suscipiens
830 4682 948 4755 inpala-
1002 4689 1092 4744 etiam
1107 4687 1288 4745 sanctissimi
1312 4685 1500 4758 imperatoris
1528 4685 1663 4743 fidelitati
1679 4685 1827 4761 glaucopis

122 4772 174 4840 tio,
191 4770 363 4828 cubicularii
377 4772 411 4808 ²¹⁶
432 4771 551 4828 donavit
575 4771 681 4829 allicio.
699 4773 797 4828 Tanta
824 4771 949 4844 denique
1001 4776 1127 4843 Helena,
1139 4776 1168 4832 id
1182 4772 1443 4831 estviridesoculos
1458 4775 1604 4845 habentis,
1621 4777 1827 4848 conjunctione

122 4865 189 4934 post
213 4859 366 4934 paululum
391 4860 544 4932 potestatis
572 4864 616 4916 est
641 4858 746 4929 lactus,
768 4865 802 4917 ut
824 4859 899 4917 alter
912 4861 949 4917 ab
1001 4864 1194 4933 sotiatus,hoc
1209 4863 1308 4936 aliquo
1321 4863 1482 4936 imperialis
1493 4869 1615 4921 ornatus
1631 4864 1738 4922 inditio
1750 4881 1826 4922 moa·

122 4949 260 5006 omnibus
275 4948 435 5021 imperator
449 4949 488 5004 sit
503 4949 655 5022 apellatus.
672 4950 781 5006 Verum
806 4951 874 5023 quia
886 4967 948 5006 om·
1003 4954 1089 5017 strari
1105 4954 1227 5026 dignum
1243 4970 1308 5009 reor
1323 4953 1352 5008 in
1377 4969 1509 5025 corpore,
1525 4953 1604 5027 quod
1632 4951 1826 5013 celebratura

123 5037 260 5110 nipotcus
274 5037 352 5093 Deus
366 5052 465 5094 servos
480 5054 550 5093 auos
569 5038 652 5109 justa
677 5038 776 5094 visitat
800 5038 863 5095 vult
876 5055 949 5113 qua·
1002 5042 1118 5116 populis
1133 5059 1168 5098 ex
1183 5041 1337 5115 dignitatis
1353 5041 1499 5099 nomine.»
1514 5041 1689 5100 ,iudicatum
1703 5042 1825 5116 denique

122 5143 249 5198 cumque
264 5141 387 5184 censura
399 5126 442 5196 ²¹⁷,
459 5127 538 5183 hunc
552 5126 757 5200 imperatorem
772 5145 850 5186 sanae
870 5145 950 5185 men·
1003 5130 1139 5205 apopulo
1150 5131 1359 5204 communique
1369 5129 1750 5201 decretumestcousilio,ut
1759 5130 1825 5206 quia

125 5252 140 5291 ³
156 5287 224 5342 ¹¹³1.
241 5302 265 5345 e.
281 5286 350 5343 fere.
389 5287 580 5349 ²¹⁸conslitus
596 5289 623 5346 1.
659 5217 1355 5366 nevaeitffrhfflffirffllfflsffs‘gcatecvom
1367 5306 1454 5347 mooe
1464 5291 1570 5348 udtmto
1584 5298 1651 5348 auat
1666 5293 1693 5348 1.
1732 5291 1824 5346 ¹⁸⁸cu·

119 5357 216 5415 hilarii
234 5360 259 5415 1.
298 5359 508 5416 ²¹⁷cessural.
547 5361 580 5396 ²¹⁸
595 5365 707 5418 mentes
724 5363 749 5417 1.
787 5362 974 5435 ’nitompro
1007 5380 1056 5423 .c.
1072 5363 1100 5419 9.
1151 5380 1199 5420 am
1223 5363 1348 5420 infertur
1369 5361 1396 5420 l.
1435 5362 1583 5420 ¹²⁰etial.
1621 5364 1657 5400 ²¹¹
1671 5363 1788 5422 insania
1801 5363 1824 5418 1.

116 5431 151 5468 ¹¹²
165 5433 195 5487 in
211 5430 335 5488 lmcooco
360 5430 460 5488 desinit
484 5431 569 5490 codro
598 5432 664 5491 titt.
688 5432 819 5494 Caeeoreae
849 5432 996 5493 Vindeleia.
1021 5436 1092 5494 ilict.
1111 5437 1186 5512 pros.
1216 5436 1248 5495 N.
1280 5435 1342 5492 178.
1380 5434 1414 5472 ¹²⁸
1438 5433 1584 5497 extiratt.
1621 5436 1658 5473 ²¹⁸
1671 5431 1824 5513 prinpisl.

152 5590 470 5679 (rasinianae-eoa.
907 5522 1026 5594 ΝΟΜ·
