3892 6090
771 257 957 320 itui‘ituiitl
980 257 1102 320 [leisc.
1126 256 1270 317 VERON.

437 538 760 630 iuuentuti)
794 539 849 626 IN
881 537 1232 651 SEQUENTEM
1260 534 1604 626 SYNODICAM.

205 800 378 856 408404
393 797 414 853 Ι.
432 796 561 852 ltatherii
577 795 720 868 synodica
732 811 789 851 non
805 794 901 851 solnm
918 795 1136 865 interejusdem
1147 809 1245 866 opera,
1262 794 1411 850 sedetiam
1426 793 1882 852 interuniversedcciuii'saeculi

169 873 345 927 documenta
359 870 395 925 ad
411 868 639 925 ecclesiasticam
655 867 841 940 disciplinam
859 867 1033 938 pertinentia
1057 866 1334 949 praestantissimum
1350 870 1378 921 et
1393 865 1615 922 celeberiiuinm
1637 869 1691 922 est.
1708 866 1781 924 Cnm
1798 866 1881 924 enim

169 949 271 998 auctor
284 943 312 997 in
330 959 364 997 ea
379 940 434 995 sibi
451 939 635 1013 proposuerit
657 938 768 995 clerum
783 938 940 994 dioeceseos
955 938 985 992 in
1009 937 1045 992 iis
1059 943 1204 994 instruere
1219 955 1282 1010 quac
1300 937 1335 993 eb
1352 937 1415 1009 ipso
1440 938 1606 1009 prestanda
1628 942 1723 1007 erunt,
1738 938 1882 995 universa

169 1015 380 1087 propemodum
397 1012 599 1067 ecclesiasticae
616 1010 775 1083 disciplinae
801 1010 897 1082 capita
917 1026 1006 1081 quam
1032 1010 1250 1066 accuratissime
1266 1006 1385 1076 indicat,
1402 1026 1436 1064 ex
1451 1009 1560 1082 quibus
1575 1009 1646 1082 quid
1668 1026 1703 1065 ex
1722 1010 1881 1067 vetustiori

168 1086 324 1159 disciplina
339 1102 371 1138 tii)
388 1084 492 1137 sarculo
509 1086 663 1148 retentum,
680 1081 750 1153 quid
776 1081 938 1148 inductum,
955 1079 997 1135 vel
1022 1085 1178 1148 mutatum,
1196 1086 1247 1135 aut
1261 1079 1425 1136 emollitum
1449 1080 1538 1137 trierit
1561 1080 1760 1153 agnoscimus.
1780 1082 1878 1154 Ipsam

168 1158 341 1230 Synodicani
360 1158 461 1209 :ructor
477 1170 643 1208 memorans
659 1153 687 1206 in
704 1154 860 1219 itinerario,
877 1153 965 1225 quod,
982 1154 1014 1207 ut
1027 1168 1081 1208 suo
1096 1151 1158 1207 loca
1173 1152 1323 1224 probaturi
1343 1168 1457 1219 sumus,
1475 1152 1592 1224 scripsit
1606 1168 1707 1208 mensa
1721 1152 1878 1209 Decembri

169 1230 237 1284 anni
252 1229 316 1291 boe,
329 1227 393 1296 cius
409 1224 595 1280 lucubranda
610 1223 686 1279 lianc
701 1223 883 1280 occasionem
901 1223 991 1278 tuisse
1007 1223 1096 1278 tradit
1107 1239 1188 1278 nuni.
1200 1225 1227 1279 c.
1241 1246 1255 1273 a
1265 1223 1436 1278 Sciscitatus
1450 1222 1548 1295 itaque
1561 1222 1596 1278 de
1611 1223 1668 1278 tide
1681 1222 1802 1279 illorum
1814 1225 1878 1308 (qui

168 1299 329 1372 presertim
345 1314 360 1352 e
376 1294 491 1352 slioecesi
508 1296 544 1350 nd
560 1296 705 1368 synodum
717 1293 1010 1363 advenerant)inveni
1020 1293 1164 1376 plurimos
1175 1311 1269 1367 neque
1280 1294 1377 1366 ipsum
1390 1309 1493 1377 supere
1503 1293 1679 1366 symbolum,
1692 1296 1772 1367 quod
1784 1297 1879 1355 tuisse

169 1370 298 1426 creditur
312 1367 523 1441 apostolorum,
541 1366 599 1422 Hac
624 1366 774 1421 occasione
790 1366 964 1439 synodicam
979 1365 1105 1423 scribere
1124 1366 1263 1422 omnibus
1278 1365 1456 1438 presbyteris
1479 1382 1546 1421 sum
1570 1365 1753 1439 compulsus,
1770 1367 1879 1441 inqua

170 1441 337 1498 continetur
352 1437 489 1512 primitus
512 1437 553 1493 ita
576 1453 698 1493 suasum
716 1455 721 1492 :
739 1437 841 1493 Moneo
863 1438 952 1564 igitur
974 1437 1172 1509 paternaliter,
1186 1442 1215 1493 et
1227 1435 1361 1510 praecipio
1377 1436 1571 1508 pastoraliter,
1585 1459 1599 1486 r
1613 1441 1682 1506 etc,
1700 1441 1733 1494 ut
1753 1436 1784 1495 in
1810 1439 1878 1513 ipsa

168 1512 312 1587 Synodion
328 1528 362 1566 ca
384 1511 422 1565 ite
436 1509 541 1582 primo,
554 1509 631 1580 quod
645 1512 739 1564 toturn
755 1509 866 1565 recitat.
887 1509 1025 1583 'modum
1039 1514 1147 1573 autem,
1159 1509 1244 1581 cujus
1259 1508 1410 1564 occasione
1424 1507 1501 1563 lianc
1511 1508 1685 1581 Synodiccm
1696 1508 1801 1580 edidit,
1832 1526 1879 1567 er-

168 1589 262 1640 ectam
275 1606 289 1633 a
302 1527 401 1638 subtili
413 1604 426 1631 »
438 1581 594 1647 mediante,
606 1580 642 1662 id·
651 1585 696 1636 est
717 1580 821 1648 media,
831 1603 851 1662 e
865 1580 1103 1662 Quadrngesiina,
1114 1602 1129 1631 »
1142 1596 1198 1652 quo
1213 1579 1331 1660 quidem
1357 1584 1488 1661 tempore
1511 1582 1578 1661 ante
1602 1579 1714 1662 Pascha
1738 1524 1876 1639 saniem

166 1656 340 1730 synodicam
356 1652 495 1724 scriptam
510 1657 590 1724 patet
605 1656 694 1706 etiem
710 1667 744 1707 ex
758 1652 854 1707 verbis
870 1667 984 1707 numeri
997 1650 1093 1707 ultimi
1109 1670 1116 1708 :
1130 1673 1144 1702 a
1159 1655 1331 1707 auctoritate
1345 1655 1432 1706 etiam
1447 1650 1597 1777 paschalis
1611 1651 1778 1709 festivitatis
1793 1669 1876 1710 onin-

166 1727 292 1800 pclleute
307 1741 461 1780 monemus
476 1728 601 1778 vestram
618 1721 814 1789 dilectionem,
825 1726 905 1779 rete.
917 1722 990 1778 llinc
1006 1722 1015 1777 i
1038 1739 1101 1778 sain
1116 1723 1290 1795 synodicam
1306 1722 1444 1793 assignari
1468 1739 1515 1777 am
1530 1721 1624 1795 liquat
1638 1724 1875 1798 Quadragesimae

168 1799 236 1855 anni
249 1799 310 1853 ccc.
323 1796 477 1851 Enimvero
492 1795 612 1876 cuilibet
626 1794 767 1874 sacerdoti
790 1793 878 1849 rurali
888 1794 995 1875 ¹eodeni
1011 1740 1160 1876 §.praedicar
1175 1810 1297 1849 numero
1312 1791 1452 1867 praecipit,
1464 1797 1498 1851 ut
1508 1792 1569 1876 'tria
1585 1794 1717 1868 symbola
1732 1790 1875 1871 apostali-

168 1887 246 1936 cum,
257 1864 751 1936 Nicueno-Constantinopolitunum‚
763 1868 791 1918 et
802 1869 893 1920 sancti
905 1864 1056 1920 Athanasii
1067 1863 1234 1921 memoriter
1244 1865 1457 1933 discat,eadem
1468 1867 1606 1938 deinceps
1617 1865 1672 1923 sibi
1684 1867 1873 1936 recitaturus,

167 1935 1872 2081 tttititttitttbtttltltttttttbttt·tltttltittttttitttttttt‘ttt'ttttlitbt

769 2050 776 2061 .
1096 2032 1112 2064 .‹
1194 2050 1200 2061 .
1379 2051 1387 2075 ‚
1484 2028 1488 2042 ·

168 2081 266 2137 diante
282 2078 510 2151 Quadragesimn
529 2077 586 2133 illis
602 2077 772 2134 scribendas
788 2082 873 2150 atquc
889 2024 1034 2136 memoriis
1055 2080 1237 2136 mandandas
1259 2079 1406 2135 dedissem
1422 2080 1462 2152 tin
1478 2080 1611 2152 synodal,
1627 2085 1655 2136 et
1669 2081 1870 2141 inobedientes

167 2153 312 2210 exstitisse
327 2150 476 2216 vidissem,
493 2150 591 2216 idest,
608 2165 673 2205 cum
689 2150 819 2222 proxime
833 2149 926 2205 vocati
943 2151 1078 2219 luerunt;
1093 2151 1163 2206 dum
1180 2150 1249 2223 quid
1264 2149 1332 2206 inde
1346 2151 1485 2207 canonice
1500 2167 1585 2223 agere
1620 2169 1727 2223 essem,
1745 2154 1871 2227 inquire·

168 2241 245 2292 rem;
262 2226 359 2279 metus
372 2221 488 2277 illorum
505 2222 647 2292 quosdam
663 2225 763 2277 tantus
780 2221 895 2302 invasit,
912 2224 944 2276 ut
958 2222 1102 2295 promisso
1118 2221 1190 2277 rnibi
1206 2223 1241 2277 ad
1262 2221 1317 2277 iter
1335 2223 1514 2294 carpendum
1529 2168 1647 2292 auxiiio,
1663 2223 1871 2297 pollicerentur

168 2314 199 2353 se
213 2296 349 2366 deinceps
364 2293 588 2365 descriptionem
611 2292 686 2348 beati
702 2292 852 2349 Athanasii
877 2296 1056 2360 cantaturos,
1068 2316 1083 2343 »
1098 2297 1152 2348 etc.
1170 2293 1226 2348 lter
1252 2294 1441 2364 carpendum,
1453 2294 1530 2366 quod
1558 2299 1710 2364 memorat,
1728 2301 1773 2353 est
1797 2295 1867 2355 illud

167 2369 343 2435 Romanum,
357 2365 441 2436 cnjus
458 2381 546 2420 causa
571 2364 669 2436 ipsum
691 2365 868 2421 itinerarium
882 2363 939 2420 scri
961 2363 1009 2421 sit.
1021 2364 1128 2419 bodam
1143 2364 1233 2436 igitur
1248 2381 1324 2420 anno
1338 2365 1392 2420 cea
1403 2365 1433 2421 in
1449 2365 1679 2439 Quadragesime
1698 2368 1868 2451 synodicam

166 2438 260 2507 dedit;
277 2439 343 2509 post
356 2435 467 2517 aliquot
482 2434 649 2517 menseslad
664 2436 808 2492 rationein
821 2381 1000 2492 reddeniiism
1015 2434 1082 2491 illos
1096 2435 1217 2504 vocavit,
1229 2435 1279 2516 qui
1295 2435 1356 2492 loco
1370 2436 1469 2518 multas
1483 2454 1536 2510 pro
1547 2436 1759 2508 inobedientia,
1770 2440 1801 2497 in
1817 2441 1869 2498 aa

166 2525 288 2567 manum
304 2508 359 2564 iter
372 2505 522 2590 auxilium·
548 2504 661 2589 'olberti
675 2512 746 2589 suunt
763 2524 769 2563 :
785 2524 819 2563 ac
832 2507 952 2591 tandem
974 2507 1240 2590 menseubecenibri
1255 2507 1434 2590 litterarium
1454 2506 1586 2587 digessit.
1598 2509 1637 2564 le
1651 2508 1698 2567 his
1711 2513 1867 2584 synodum,

165 2577 523 2722 ⁰²¹1t¹¹ttt¹¹tltttttt¹
533 2580 920 2730 ilittttbtttttttt
934 2577 1037 2705 till
1050 2579 1545 2733 titttttittlltitiui.
1568 2651 1868 2724 eistetensium

165 2722 293 2779 maxime
307 2721 362 2776 hoe
376 2720 438 2801 loco
450 2719 664 2792 explicandum,
674 2721 750 2790 quod
764 2720 798 2801 ad
810 2719 904 2775 multa
912 2724 973 2775 inte
997 2721 1101 2802 igentia
1113 2667 1164 2776 atii

166 2794 308 2866 scriptum
318 2791 511 2847 invenimus.»
520 2791 586 2854 Quae
597 2794 694 2846 autern
704 2813 718 2841 a
728 2790 797 2847 alibi
808 2791 917 2862 scripta
929 2791 1058 2847 »invenit
1069 2793 1234 2860 liutherius,
1242 2797 1312 2848 sunt
1322 2792 1372 2848 illa
1382 2793 1491 2860 omnia,
1499 2810 1563 2864 quse
1574 2794 1691 2849 exhibet
1699 2811 1735 2852 co
1747 2812 1868 2853 numero

166 2871 246 2921 serto
257 2868 285 2919 et
295 2862 486 2934 sequentibus
497 2862 532 2914 ad
545 2865 638 2916 totum
649 2878 805 2916 numerum
817 2862 1023 2918 duodecimum
1038 2880 1143 2934 usque,
1152 2881 1244 2935 eaiyue
1257 2864 1432 2937 transcripta
1442 2864 1688 2936 deprehendimus
1698 2882 1733 2922 ex
1743 2867 1868 2925 solemni

165 2936 300 3009 quiedam
315 2932 404 2988 veluti
420 2932 630 3003 termulanae
644 2932 767 3003 legenda
782 2937 833 2988 aut
848 2932 996 2990 recitanda
1011 2933 1041 2989 in
1055 2934 1177 3007 synodo,
1189 2936 1352 2999 itiittioititio,
1366 2940 1417 2991 aut
1430 2936 1524 2992 Seram
1538 2936 1678 3009 syrioitatis
1693 2937 1722 2993 in
1739 2937 1868 2997 melioris

165 3013 238 3064 notae
254 3003 403 3061 codicibus
431 3003 610 3059 inscribitur.
626 3004 824 3059 admonitionis
845 3003 964 3060 titulum
990 3005 1104 3089 prefert
1130 3006 1202 3062 illud
1218 3005 1374 3077 exemplar,
1392 3007 1469 3079 quod
1499 3008 1649 3080 praedirum
1677 3013 1722 3065 est
1751 3009 1866 3068 decreto

1166 2737 1181 2776 e
1193 2727 1256 2776 crit.
1268 2720 1456 2779 Obseruantia
1464 2738 1546 2776 num.
1555 2723 1574 2776 c
1583 2723 1698 2792 verba«
1710 2724 1869 2781 sicutslihi

165 3076 336 3162 burchardi,
348 3075 398 3158 ubi
413 3075 474 3130 linc
489 3074 663 3193 epiprapbes
678 3073 787 3159 legitur
800 3092 806 3131 :
820 3076 977 3158 Admonitio
991 3093 1021 3131 in
1034 3077 1228 3161 synodofiui'to
1247 3078 1395 3159 Eneapedio
1409 3095 1427 3161 a
1439 3079 1552 3134 diacono
1566 3079 1689 3161 dependo,
1705 3082 1844 3211 ept'rcagg2

163 3154 273 3207 wieres
287 3166 317 3204 in
332 3147 427 3203 oriliuc
440 3146 601 3202 ardentina.
615 3147 658 3202 lta
672 3150 761 3201 ctiam
779 3163 810 3201 in
823 3147 931 3215 codice,
943 3163 1031 3220 quem
1051 3147 1187 3204 Betucius
1208 3148 1309 3204 laudat
1323 3166 1353 3204 in
1369 3153 1446 3205 nobs
1460 3149 1497 3205 ad
1512 3150 1661 3222 lteginoue
1768 3194 1776 3209 .

1842 3090 1869 3139 et

164 3244 179 3271 a
196 3220 307 3288 Quibus
323 3217 423 3283 finitis,
435 3219 571 3292 episcopo
587 3221 615 3273 et
629 3217 740 3273 caeteris
754 3216 785 3273 in
801 3218 903 3274 ordine
923 3219 1103 3286 sedentibus,
1119 3237 1136 3275 a
1157 3219 1279 3275 diacono
1294 3220 1408 3293 legatur
1421 3220 1482 3276 hac
1494 3221 1673 3278 Admonitie.
1685 3244 1700 3273 a
1764 3224 1866 3282 ordine

164 3292 295 3348 Romano
310 3289 446 3361 llittorpii
461 3305 512 3363 pro
531 3305 564 3345 eo
579 3290 656 3361 quod
674 3288 721 3345 bic
736 3288 1018 3372 habetur·o·diccono
1033 3292 1058 3347 te
1075 3299 1150 3375 atur,
1165 3291 1221 3347 scri
1243 3294 1307 3347 tuni
1321 3296 1367 3347 est
1380 3292 1414 3347 ab
1429 3290 1487 3363 ipso
1501 3293 1633 3375 episcopo,
1646 3295 1708 3376 sice
1721 3311 1740 3352 a
1751 3294 1864 3354 &acono

65 3446 68 3450 ·
163 3308 1865 3503 tibitibi‘littttttttttlttttd'tttltittlttttitttttttttltt‘tl'ttttlibct·

164 3529 178 3557 a
194 3507 261 3571 Qua
269 3449 486 3561 iaeirdoiespei
499 3476 595 3559 cierici
610 3519 726 3559 servare
740 3502 866 3560 debeant
880 3520 915 3560 ex
930 3450 1103 3562 ΛΡΜ-400
1117 3505 1247 3578 synodali
1263 3505 1468 3562 admonitione
1482 3452 1688 3578 incipientium
1702 3452 1866 3568 exceeffltsni

163 3575 317 3651 Syncdalis
333 3579 431 3632 autem
452 3574 596 3630 sermonis
610 3573 761 3649 inscriptio
776 3579 871 3633 cristam
893 3575 922 3631 in
947 3576 1045 3633 codice
1067 3576 1301 3633 Neresheimensi
1318 3575 1450 3633 dioecesis
1470 3580 1513 3634 Au
1557 3582 1647 3635 stans
1675 3579 1722 3637 his
1745 3597 1796 3637 ver
1817 3582 1865 3641 is:

162 3650 257 3775 lSeruio
271 3647 412 3775 sparetdass's
424 3646 777 3773 pir⁰⁶i⁸imiiyige⁵b⁹m
792 3649 824 3703 in
837 3645 951 3720 synodis
964 3648 1159 3717 mediandae,
1174 3651 1207 3704 ut
1218 3646 1315 3705 videre
1329 3653 1374 3706 est
1388 3648 1465 3722 apud
1479 3649 1519 3705 La
1539 3650 1628 3707 bourn
1640 3653 1713 3707 tom.
1730 3651 1757 3709 tl
1771 3653 1867 3711 Conci·

175 3737 270 3776 iorum
324 3737 331 3772 i
349 3759 354 3771 .
396 3734 449 3773 ene
466 3759 485 3785 .,
501 3733 556 3773 co.
647 3759 653 3771 .

200 3791 247 3846 lll.
260 3791 338 3846 Duas
348 3793 446 3846 autern
457 3788 609 3858 formulas,
619 3804 684 3860 qun
693 3787 724 3842 in
734 3789 888 3846 sententiis
898 3806 933 3845 nc
943 3790 1003 3846 iere
1012 3790 1100 3847 etiam
1114 3790 1144 3845 in
1154 3789 1250 3846 verbis
1261 3789 1346 3862 plane
1356 3791 1580 3859 concordant,et
1589 3792 1626 3849 uh
1635 3793 1740 3850 ecdem
1750 3798 1869 3852 auctore

163 3862 300 3918 videntur
310 3861 490 3933 conscripta,
500 3859 678 3933 distinguere
689 3874 746 3913 non
758 3859 916 3915 minimum
927 3861 1022 3918 relect.
1031 3860 1095 3917 Une
1108 3865 1152 3918 est
1167 3861 1286 3917 laudati
1299 3861 1465 3932 Admonitic,
1482 3879 1533 3918 seu
1547 3862 1641 3920 Semta
1653 3865 1812 3936 spectatis:
1827 3866 1869 3923 al·
1932 3892 1936 3897 ·

164 3936 228 3990 tara
241 3938 286 3990 est
298 3932 358 4001 illa,
370 3949 434 4004 qun
450 3931 639 4010 lnquisitionis
651 3928 738 3985 titulo
752 3947 769 3984 a
783 3929 932 4003 Reginone
953 3932 1106 4005 premissa
1126 3931 1182 3988 tuit
1200 3934 1280 4004 operi
1294 3934 1332 3989 De
1345 3934 1533 3991 ecctmiastici‘s
1545 3933 1709 4008 disciptinas.
1727 3936 1806 3995 unci
1821 3937 1869 3995 illo

162 3997 1053 4147 attrititittlttttttdttitttitttttltttttt
1065 4003 1866 4152 destituisti.ttttlttttittttttitttt

164 4149 230 4204 Haec
239 4153 338 4204 autem
349 4159 467 4200 sumnia
479 4141 507 4197 in
519 4157 553 4198 ea
562 4141 814 4206 Admonitionem
828 4114 958 4201 Ser’menc
969 4162 1002 4217 sy
1075 4146 1097 4201 a·
1109 4145 1344 4220 extruaturque
1355 4147 1384 4202 in
1395 4149 1507 4221 synodo
1520 4148 1644 4223 legenda
1653 4154 1726 4206 erat.
1736 4152 1869 4226 ldipsirm
1903 4188 1936 4201 .-

166 4214 403 4294 nutem,i1uodin
420 4212 724 4296 synodopropesituin
739 4218 826 4287 atque
840 4216 1043 4290 praescriptum
1058 4216 1164 4285 tuerat,
1176 4233 1247 4273 nuni
1262 4219 1443 4300 crecentioni
1456 4220 1629 4277 mandatum
1644 4221 1761 4293 thisset,
1772 4222 1869 4309 inqui·
1903 4243 1936 4259 ⁶

167 4290 292 4346 rendum
308 4288 373 4366 erat
384 4302 413 4339 in
427 4284 655 4366 visitationibus.
670 4284 743 4342 llinc
762 4286 864 4343 eodem
884 4292 1025 4371 tempore,
1040 4289 1210 4361 eodemque,
1227 4293 1260 4344 ut
1272 4290 1396 4357 videtur,
1411 4295 1530 4348 auctore
1545 4291 1699 4349 lucuhrsta
1712 4296 1869 4368 hastatis,
1902 4328 1936 4349 .

166 4376 232 4432 qum
246 4357 393 4429 episcopis
406 4372 565 4428 eorumque
585 4355 728 4412 ministris
752 4358 906 4429 parochias
921 4360 1109 4418 visitantibus
1122 4360 1190 4416 usai
1204 4365 1276 4416 erat.
1295 4361 1415 4435 Regino,
1431 4363 1483 4435 qui
1499 4364 1594 4435 ipsam
1616 4364 1702 4422 nohis
1724 4366 1754 4421 in
1897 4410 1901 4415 .

167 4426 356 4496 conservavit,
369 4426 448 4484 huno
468 4427 588 4484 titulum
605 4429 714 4500 profert
728 4444 735 4484 :
751 4431 850 4502 incipit
864 4432 1008 4502 lnacbitio
1023 4431 1056 4488 de
1070 4432 1113 4487 tir
1127 4447 1189 4504 aaa
1202 4433 1341 4504 episcopas
1363 4432 1406 4490 oet
1428 4435 1486 4491 e‘us
1499 4435 1623 4492 minatici
1636 4436 1666 4492 in
1680 4450 1732 4493 suo
1745 4438 1777 4493 d'
1823 4436 1840 4452 ''

167 4502 209 4557 vei
224 4502 361 4557 territorio
376 4502 517 4584 inquirere
537 4500 651 4556 debeant
658 4516 712 4582 per
724 4502 805 4565 tricos,
819 4518 903 4575 pupas
926 4511 1008 4577 atque
1020 4503 1173 4585 porrectius
1186 4518 1245 4560 saa
1258 4503 1410 4561 diaeceseos.
1427 4451 1541 4563 linitam
1565 4506 1655 4580 hujus
1669 4508 1683 4562 l
1718 4510 1923 4583 manteau„

167 4589 231 4645 qun
243 4573 278 4628 ad
289 4571 501 4629 ecclesiasticos
511 4571 646 4653 pertinet,
656 4573 734 4627 idem
745 4578 847 4629 auctor
856 4573 1081 4647 praemisitlihro
1092 4575 1197 4647 primo,
1208 4574 1238 4630 in
1251 4590 1320 4647 quo,
1329 4577 1365 4634 de
1375 4576 1488 4634 clericis
1497 4590 1598 4653 agens,
1609 4576 1695 4652 singu
1709 4596 1728 4635 a
1737 4580 1902 4653 eiusdem

168 4646 355 4716 lnqiiiiitioai's
376 4644 504 4717 capitula
518 4645 680 4699 canonibus
698 4644 852 4701 confirmat
868 4662 874 4701 :
892 4650 1071 4718 postremam
1085 4664 1151 4702 vero
1167 4646 1261 4719 ipsius
1276 4653 1474 4729 partemque
1490 4649 1636 4722 pertinent
1655 4651 1692 4707 sd
1707 4650 1812 4721 laicos,
1825 4668 1894 4709 ων

163 4717 236 4789 jecit
251 4717 280 4799 in
296 4719 384 4788 capot
398 4715 534 4798 quintum
550 4714 616 4770 libri
641 4715 774 4781 secundi,
791 4715 819 4771 in
836 4733 905 4788 quo,
922 4733 1012 4790 egens
1026 4718 1062 4774 da
1076 4716 1169 4784 laicis,
1185 4717 1309 4789 reliquia
1328 4720 1438 4794 pariter
1452 4721 1517 4793 ejus
1530 4722 1719 4794 laoniiitiom's
1742 4723 1901 4800 capitul*

167 4789 583 4940 ciiiimiiiiiiecriiiiiiiiiistsolam
598 4855 825 4939 Admonitionem,
837 4873 888 4913 seu
905 4857 1060 4916 Serniomni
1073 4859 1231 4942 apricitatem
1247 4874 1281 4913 eir
1293 4859 1464 4932 Augustino
1476 4861 1576 4919 codiee
1584 4862 1730 4947 cognomi,
1742 4864 1773 4920 S.
1784 4864 1881 4922 ildul-

170 4947 262 4986 ricum
278 4946 448 5012 episcopum
459 4931 662 5000 Augustarum
678 4927 810 5010 eyusdcui
826 4933 973 4985 auctorem
987 4932 1120 5002 coniecit,
1130 4936 1284 5023 propterea
1296 4931 1372 5003 ‹piad
1385 4930 1533 5006 pleraque,
1544 4950 1609 5007 qun
1619 4934 1698 4990 idem
1708 4940 1835 4994 sanctus
1844 4937 1885 4993 in

168 5000 304 5073 capitulis
315 5000 484 5056 clericorum
497 5000 608 5055 solebat
617 4999 764 5070 inquirere
775 5004 847 5055 toste
858 5001 984 5056 Gererdo
1000 5003 1029 5056 iii
1040 5004 1104 5073 ejus
1115 5003 1182 5058 bita
1191 5019 1222 5057 cu
1248 5043 1254 5056 .
1270 5003 1550 5075 leprecationem
1563 5005 1658 5090 ipsius
1670 5005 1881 5065 Admonitionem

168 5089 219 5128 seu
237 5074 374 5128 Sermonis
387 5072 506 5127 oniniuo
521 5087 567 5126 res
579 5072 706 5125 innitent.
718 5071 826 5125 Verum
840 5070 901 5127 binc
915 5071 1010 5128 solum
1027 5074 1151 5145 probant
1166 5074 1195 5129 S.
1234 5072 1376 5129 dalricum
1392 5091 1426 5129 ea
1440 5076 1639 5144 Admonitione,
1649 5090 1702 5132 seii
1718 5078 1819 5136 verius
1828 5080 1875 5137 dis·

168 5146 315 5215 qiiisi'tioue
330 5160 417 5199 usuin
434 5144 525 5199 fuisse
542 5160 547 5197 :
565 5089 600 5197 ie
615 5141 652 5197 iis
668 5142 746 5197 enirn
759 5143 905 5223 Gerardus
919 5142 1058 5216 loquitur,
1075 5161 1138 5216 quai
1155 5145 1202 5199 ille
1219 5144 1363 5200 visitando
1378 5145 1554 5228 inquirebat.
1569 5148 1625 5203 iiiii
1640 5146 1874 5219 Admonitionem,

169 5232 221 5270 seu
237 5215 393 5271 seraranan
406 5214 563 5285 synodalem
578 5229 594 5268 a
609 5213 703 5294 boone
715 5212 752 5267 lV
767 5213 919 5269 conditum
929 5219 1043 5287 putant,
1054 5215 1101 5271 cui
1113 5215 1230 5287 quidem
1243 5231 1309 5270 euni
1321 5215 1441 5271 ascribit
1450 5219 1539 5274 codes
1548 5218 1706 5275 Vaticanus
1718 5220 1871 5279 continens

169 5285 276 5341 librum
292 5286 451 5349 Censuum,
467 5301 571 5357 exque
586 5284 683 5340 editus
699 5287 743 5339 est
757 5288 829 5339 tom.
842 5284 876 5341 tx
889 5286 1082 5343 Concilioruin
1099 5291 1200 5342 Venct.
1211 5286 1280 5342 edit.
1298 5286 1351 5341 col.
1370 5289 1435 5343 1031
1453 5290 1507 5345 hoc
1521 5289 1627 5346 titulo:
1643 5291 1766 5348 llomilin
1776 5294 1872 5349 trare

166 5373 249 5430 papae
264 5360 298 5412 ll'
311 5357 343 5412 de
353 5374 420 5412 curu
432 5357 576 5428 pastorali,
587 5358 675 5428 rjiiarc
689 5357 779 5426 officio
794 5372 828 5411 uc
841 5373 963 5427 manne,
975 5376 1057 5430 quam
1064 5375 1114 5430 per
1123 5360 1260 5430 episcopor
1268 5357 1394 5415 omnibus
1406 5361 1589 5417 smerdctihss
1600 5376 1699 5417 wari
1712 5366 1871 5421 sicimorum

168 5429 324 5501 peremitur
339 5429 465 5483 intimari
477 5429 572 5485 ccliiii.
590 5427 632 5482 Ad
647 5427 783 5482 eumdem
796 5428 964 5499 pontificem
981 5429 1080 5486 reterri
1100 5434 1196 5503 potest
1214 5428 1301 5485 etiarn
1318 5430 1479 5503 inscriptio,
1512 5449 1555 5489 usi
1566 5432 1664 5489 eidem
1679 5436 1811 5493 mriiicni
1826 5452 1870 5521 sy·

169 5498 268 5560 nudati
283 5498 443 5576 prattgitur
457 5499 487 5558 in
503 5498 558 5557 atio
574 5515 629 5555 ins.
638 5497 703 5557 Vnt.
716 5499 786 5556 1355
797 5506 863 5587 pay.
875 5500 937 5558 370.
950 5500 1052 5561 Serum
1064 5500 1095 5558 in
1106 5503 1217 5577 synodo
1232 5448 1522 5576 dicendaequami.
1534 5503 1591 5563 lieo
1605 5520 1683 5581 papa
1695 5512 1870 5587 composuit

169 5571 307 5641 Currere
322 5571 466 5647 eiusmodi
481 5574 647 5643 simmaea,
663 5587 715 5631 seu
729 5570 959 5646 Admonitionem,
975 5571 1048 5634 culti
1064 5572 1194 5633 Murano
1208 5573 1339 5649 pontiflci
1354 5573 1443 5633 tribui
1464 5591 1552 5653 posse
1569 5577 1739 5654 eudemus,
1754 5578 1871 5659 achina
