3892 6090
126 318 189 390 ao
596 328 907 398 imsrooossos
929 328 1032 400 nom
1054 330 1143 402 sax.
1159 367 1198 385 -
1212 334 1287 403 un
1309 332 1361 404 m
1769 313 1832 404 aso
1906 405 1909 411 ,

125 462 214 519 tanta
243 456 397 535 diguitatis
425 462 497 534 erat,
513 467 544 522 et
569 461 751 535 leudolenon,
766 467 795 525 id
815 472 869 538 est,
885 467 992 541 albaA
1007 470 1217 545 phyrogenitus
1228 477 1257 530 et
1266 471 1425 531 duocateri
1434 473 1635 548 sequerentur.
1645 470 1727 540 Quod
1738 490 1826 547 quum

124 549 256 618 brachia,
284 549 425 609 Helenam
451 553 543 612 filiam
571 571 657 613 snam
685 556 829 631 imperiali
854 558 950 633 digni-
1005 559 1125 647 indigne
1140 563 1241 634 J'ustus
1251 564 1344 636 J'ndex
1357 562 1518 638 pertulerit,
1543 562 1619 620 ulcio
1643 563 1826 636 subsequens

122 641 177 699 tati
212 639 376 713 copularat,
412 641 631 702 rubricatarum
673 646 794 719 pellium
833 647 947 717 caligis,
1004 649 1169 707 declaravit.
1186 652 1260 709 Nam
1286 658 1351 726 post
1375 653 1523 710 modicum
1537 652 1763 726 christophoros
1779 653 1828 708 de·

122 735 157 788 nt
170 729 260 788 isthic
285 729 496 804 imporatorum
525 735 616 792 moris
641 739 695 799 est,
721 739 862 793 uteretur.
892 736 948 792 Sed
1003 736 1121 796 iunctus
1145 744 1198 796 est.
1215 741 1423 798 Constantinus
1438 740 1538 816 itaque
1559 740 1828 814 Porphyrogeaitns

122 836 176 877 uec
190 820 245 876 boc
260 818 380 892 quidem
401 823 474 879 satis
487 823 513 879 ai
527 823 624 881 visum
641 825 707 881 init.
723 824 866 898 liquidem
882 830 948 899 post
1002 840 1070 883 eum
1089 828 1213 886 orationi
1238 834 1301 886 tum
1328 830 1507 887 leccionibus
1528 845 1647 897 vacans,
1676 833 1769 885 toturn
1797 846 1828 886 se

122 908 213 966 anius
240 908 310 964 anni
346 909 473 980 sinaxin,
513 926 582 970 oum
611 914 763 988 amplioris
794 915 858 987 jam
895 932 946 988 po·
1002 915 1123 974 Domino
1138 919 1373 988 commendabat,
1386 919 1740 993 operemanuumviotum
1753 935 1829 991 que·

120 997 212 1056 maim
251 1001 338 1068 esset,
376 999 488 1058 talibm-
522 1003 694 1076 adgreditur
721 1005 839 1060 eosdem
881 1021 945 1061 ser·
1000 1001 1103 1061 ritans.
1128 1005 1420 1075 senonensem,
1445 1007 1601 1080 zografian,
1618 1006 1706 1063 idest
1730 1006 1826 1078 pictu-

121 1087 260 1144 monibna
282 1085 451 1160 principes:
482 1110 497 1141 n
514 1090 657 1157 Quoniam
672 1093 822 1149 communi
850 1098 947 1150 vestro
999 1106 1073 1160 sam,
1089 1094 1264 1167 perpulchre
1279 1097 1439 1153 exercebat.

116 1176 225 1252 inditio
247 1179 292 1233 set
313 1176 468 1235 delinitum
490 1178 694 1253 imperialibus
709 1195 756 1238 me
771 1182 814 1237 uti
830 1182 943 1256 caligis,
1033 1183 1078 1236 38.
1094 1182 1202 1240 iiodem
1229 1187 1361 1257 tempore
1380 1184 1497 1241 Simeon
1513 1183 1669 1258 Bulgarius
1693 1199 1779 1257 agros
1789 1184 1824 1220 ’⁸⁰

119 1274 323 1341 περιφανέστατοι
334 1274 434 1341 ήρωαις,
462 1268 675 1340 perifanestati,
717 1271 747 1327 id
782 1278 822 1327 est
862 1272 945 1328 nobi·
999 1270 1285 1342 noepitvehementer
1307 1273 1397 1348 afligi,
1413 1273 1505 1339 Quem
1529 1273 1685 1342 Romanos,
1706 1272 1759 1328 filii
1775 1273 1823 1329 sui

120 1354 229 1412 lissimi
267 1354 381 1424 heroes,
408 1360 511 1413 vesus
540 1359 723 1415 auctoritatis
749 1357 946 1416 benivolentia
999 1356 1660 1435 ChristoiorililiafilioillinsPetro,quinunc
1676 1365 1819 1435 superest,

122 1461 187 1518 que
215 1442 393 1515 contulistis,
431 1443 569 1504 videntur
602 1447 740 1504 mihimet
765 1447 944 1512 demensa,
999 1447 1177 1519 morenate,
1190 1450 1823 1523 abinceptofororeconpescuitsibiqueim

120 1532 204 1605 aglaa
220 1532 319 1605 apina,
334 1535 363 1589 id
383 1542 423 1591 eet
436 1536 578 1607 preciosa
591 1537 678 1606 dona,
694 1536 864 1610 diligentins
877 1546 944 1592 vero
998 1534 1067 1592 dere
1082 1534 1188 1609 placito
1199 1538 1329 1596 sociant.
1344 1539 1426 1597 Unda
1436 1539 1691 1612 etpuellamntato
1704 1539 1822 1595 nomine

118 1622 315 1679 consideranti
326 1622 741 1682 visumestmibihistrionnm
749 1625 944 1680 mimorumve
994 1605 1044 1680 'est
1056 1624 1136 1694 lrini,
1154 1627 1182 1682 id
1199 1632 1244 1684 est
1257 1644 1323 1701 pax,
1338 1632 1449 1697 vocata,
1466 1646 1499 1686 eo
1514 1628 1592 1702 quod
1604 1645 1656 1700 per
1670 1644 1735 1684 enm
1747 1627 1822 1683 inter

117 1709 355 1778 moreincedere,
380 1710 432 1783 qui
454 1715 489 1768 ut
502 1713 538 1769 ad
553 1712 646 1768 risum
663 1710 747 1768 facile
765 1713 867 1768 turbas
882 1711 942 1767 illi·
997 1711 1149 1785 ltulgarios
1174 1718 1203 1771 et
1226 1717 1333 1773 Grecos
1361 1734 1417 1790 pax
1446 1718 1485 1774 sit
1514 1715 1685 1773 firmissima
1713 1714 1821 1773 consti-

117 1797 303 1868 mantuanis
317 1816 381 1856 sese
391 1800 553 1875 depingunt
569 1800 726 1857 coloribus.
743 1800 846 1858 Risum
862 1800 942 1856 deni·
996 1803 1060 1856 tuta
1075 1803 1118 1856 ¹³¹.

116 1887 254 1961 quesitis
277 1904 335 1944 uon
359 1886 466 1958 solnm,
483 1889 535 1945 sed
559 1889 632 1944 mihi
648 1889 735 1946 etiam
755 1889 812 1963 ipsi
826 1903 937 1964 moseo,
1028 1888 1074 1944 39.
1092 1890 1143 1947 liis
1158 1894 1341 1966 temporibus
1362 1895 1530 1968 Walpertns
1544 1900 1574 1952 et
1598 1896 1683 1964 (iero,
1708 1910 1819 1967 pruno·

116 1977 187 2033 dum
203 1977 329 2051 pedihus
340 1976 557 2050 imperatorem,
572 1979 666 2052 capito
680 1979 941 2036 communsmimi·
994 1976 1074 2034 mine
1088 1981 1282 2050 Heverardus,
1300 1983 1386 2056 Papia
1398 1982 1817 2058 prepotentesjndiceserant.

114 2066 171 2124 tari
187 2066 287 2123 uidear
301 2065 470 2139 plebeum.
486 2066 558 2124 Nam
575 2084 639 2141 qun
653 2068 816 2126 comoediai
831 2068 940 2126 mimus
993 2064 1088 2124 Causa
1102 2073 1200 2126 antem
1215 2072 1351 2143 potentie
1362 2071 1502 2146 Walperti
1514 2072 1576 2130 hoec
1590 2077 1663 2140 erat,
1679 2070 1818 2145 quonium

115 2155 183 2230 quis
198 2154 325 2212 meliori
349 2155 443 2230 igitur
457 2160 508 2212 aut
521 2173 659 2214 eoronam
674 2159 808 2231 prebete,
826 2163 877 2215 aut
892 2174 939 2214 ca·
993 2155 1291 2226 Cumis‚ditissimoin
1302 2160 1376 2232 loeo,
1387 2161 1481 2218 lilium
1492 2159 1819 2233 snumPotrnmepisco·

115 2243 192 2320 liges
219 2244 400 2318 imperiales,
420 2246 487 2318 quis
508 2244 694 2303 ridiculus”⁸
709 2247 817 2321 populo
829 2247 938 2315 uideor,
992 2260 1065 2317 pum
1073 2247 1299 2318 [marathonam
1310 2249 1774 2323 verognatamsnam,Cillebarto
1784 2249 1819 2284 ²⁸¹

116 2334 238 2393 auferte.
253 2356 269 2386 o
285 2335 344 2392 lion
359 2333 444 2408 plane
464 2333 553 2405 dicto,
570 2336 665 2410 magis
680 2341 778 2393 antem
793 2354 852 2409 qna
867 2352 939 2393 eun·
993 2335 1092 2391 comiti
1104 2336 1203 2409 palatii
1215 2338 1352 2410 conjugio
1368 2339 1532 2396 sotiaverat.
1547 2339 1588 2394 iia
1600 2343 1699 2394 tamen
1710 2341 1819 2409 tempe·

115 2424 171 2482 atis
177 2426 300 2498 preerat
306 2422 889 2497 potestatisauctoritateomniumjudicio
895 2442 940 2482 co-
994 2428 1069 2480 state
1082 2428 1203 2498 uterque
1215 2426 1371 2482 defunctus
1380 2425 1816 2498 erat.Ticinensisitaque,quod

114 2530 218 2571 ronam
225 2512 460 2586 receptiorem)
470 2512 662 2587 etcaligarnm
672 2515 806 2571 deeoram
818 2514 940 2572 minime
993 2516 1039 2569 est
1053 2513 1213 2586 Pupiensis,
1230 2514 1356 2587 populus
1371 2515 1468 2571 omnis
1483 2515 1519 2570 ad
1540 2513 1618 2570 hunc
1632 2517 1815 2581 convenerat,

114 2602 253 2678 perdidit
279 2603 375 2674 liujus
401 2602 524 2658 miretur
552 2603 739 2676 prudentiam
764 2619 860 2672 nemo,
888 2604 939 2660 ead
994 2616 1157 2674 causasque
1167 2618 1270 2660 omnes
1283 2608 1310 2659 ot
1322 2603 1534 2661 controversias
1545 2608 1612 2659 ante
1627 2617 1693 2658 enm
1710 2600 1817 2658 delibe-

113 2687 218 2750 laude's
247 2692 353 2749 referat
381 2695 437 2748 Deo
466 2690 563 2749 cordis
588 2708 622 2748 ex
646 2692 759 2761 intimo,
789 2692 840 2764 qui
855 2691 941 2766 erigit
994 2691 1086 2748 rabat.
1099 2690 1322 2766 participatione
1333 2692 1458 2765 denique
1466 2693 1600 2766 potentiae
1611 2691 1817 2764 hujusmemo-

113 2780 303 2850 elismsclnt
314 2780 496 2853 compeditos
511 2782 599 2845 (Paci.
609 2781 700 2852 cxcv),
714 2782 800 2854 cnjus
809 2781 838 2836 in
849 2796 939 2838 mann
993 2784 1075 2836 ratus
1088 2781 1172 2849 Ceno,
1189 2782 1368 2854 pronomine
1382 2782 1575 2849 lieverardus,
1591 2779 1730 2854 quoniam
1743 2795 1815 2853 qua·

114 2869 264 2937 mlixriui
278 2869 351 2926 meri
366 2869 472 2944 plenus
483 2870 614 2927 miratom
626 2868 772 2927 inclinans
790 2885 824 2927 ex
839 2871 894 2927 hoc
909 2871 938 2927 in
993 2869 1062 2925 dam
1077 2869 1221 2926 affinitate
1235 2870 1458 2943 eijnngebatur,
1469 2872 1632 2943 prepotens
1643 2868 1815 2926 habebatur.

113 2959 170 3021 boe
184 2960 274 3035 (Paul,
287 2975 383 3026 cxxiv,
395 2960 435 3031 a).
992 2958 1046 3024 Oui
1062 2958 1244 3017 nobilitatem
1260 2977 1345 3018 suam
1361 2959 1458 3035 prauis
1472 2960 1604 3018 moribus
1630 2960 1815 3033 deturpabat.

148 3049 194 3105 sc.
211 3048 352 3106 baninu
373 3048 480 3104 humili
504 3049 600 3106 fuerat
624 3050 772 3122 prosapia,
788 3065 823 3106 ax
837 3051 937 3106 Arme-
992 3048 1143 3104 uuitenim
1156 3048 1440 3118 ambitiosusnimis,
1453 3050 1588 3124 cupidus,
1604 3050 1731 3117 invidus,
1744 3047 1817 3106 sedi·

113 3154 221 3196 uorum
236 3137 451 3210 scilicetgente,
463 3137 616 3207 oriundus,
629 3137 827 3210 nequasolnm
841 3142 939 3195 mente
992 3136 1095 3204 tiosos,
1103 3137 1181 3209 juris
1190 3142 1352 3212 corruptor,
1365 3144 1577 3213 preceptorum
1589 3141 1637 3197 Dei
1647 3139 1814 3205 immemor;

112 3230 288 3300 conceperat
302 3225 433 3282 futurum
454 3241 487 3282 se
501 3224 578 3298 regis
602 3224 632 3281 in
655 3224 724 3282 aula
736 3240 810 3295 esse,
827 3226 936 3283 nedum
952 3206 975 3280 C
993 3223 1159 3298 quodlieus
1169 3242 1227 3281 non
1238 3243 1344 3299 passus
1359 3229 1405 3283 est
1418 3227 1498 3284 abire
1509 3228 1652 3296 inultum;
1667 3230 1697 3284 et
1707 3226 1816 3284 nediu·

113 3314 279 3389 imperialia
288 3317 404 3388 secptra
413 3318 523 3371 unere.
535 3315 592 3371 Sed
603 3313 675 3386 quid
689 3314 847 3387 prophetea
858 3316 939 3371 duna
994 3312 1228 3385 tiusprotraham
1237 3330 1412 3383 sermonem,
1424 3314 1553 3371 Catilina
1567 3316 1687 3374 omnino
1698 3314 1815 3380 similis,

113 3404 236 3464 dieiti«
252 3402 394 3462 Dominus
420 3418 578 3477 pauperem
593 3401 673 3471 facit,
689 3402 773 3471 ditat,
790 3401 939 3472 humiliat,
994 3403 1043 3476 qui
1060 3403 1136 3458 sicut
1151 3403 1301 3459 consulem
1316 3407 1345 3459 et
1360 3404 1401 3460 rei
1416 3402 1540 3477 publice
1550 3404 1734 3460 defensorem
1745 3401 1818 3458 Mar·

115 3498 146 3553 st
159 3492 313 3561 sublimat,
337 3492 486 3549 suscitans
500 3508 519 3548 a
542 3496 620 3548 terra
634 3491 762 3564 inopem,
776 3495 805 3547 et
819 3492 855 3547 de
869 3496 941 3547 ster·
994 3507 1062 3548 onan
1077 3489 1206 3546 Tullium
1222 3492 1388 3549 Ciceronem
1401 3492 1563 3548 conabatur
1578 3491 1719 3558 occidere,
1736 3491 1777 3547 ita
1790 3488 1828 3546 et'

116 3599 183 3641 ocra
198 3581 316 3656 erigam
330 3596 500 3655 pauperum,
517 3584 550 3636 ut
560 3580 661 3637 sedeat
675 3594 742 3636 cum
756 3579 940 3653 principibus
994 3580 1044 3637 hic
1056 3594 1155 3652 regem
1163 3579 1315 3652 lingonum
1327 3580 1413 3635 morti
1428 3578 1548 3635 molitus
1558 3577 1736 3636 estiradern.
1747 3579 1820 3644 Qua-

115 3676 149 3730 et
161 3671 270 3729 solium
279 3669 382 3745 glorie
390 3674 498 3727 teneat.
510 3668 626 3725 Domini
637 3669 717 3725 enim
726 3673 797 3725 snut
806 3669 942 3726 cardines
995 3654 1063 3725 dam
1079 3667 1156 3724 enim
1172 3666 1229 3738 die,
1245 3668 1317 3725 dum
1329 3666 1418 3724 nichil
1430 3667 1500 3723 mali
1511 3667 1665 3742 suspicans
1677 3684 1727 3725 rex
1737 3667 1820 3740 Hugo

116 3763 202 3820 terre
216 3762 241 3824 tl
250 3762 314 3833 lieu.
330 3776 363 3831 n,
377 3760 418 3831 7).
438 3759 471 3816 ut
487 3758 586 3831 itaque
604 3757 775 3827 immortali,
790 3757 940 3826 invisibili,
994 3757 1082 3831 Papie
1098 3772 1164 3814 cum
1174 3756 1278 3830 paucis
1288 3757 1415 3830 degeret,
1427 3755 1475 3812 hic
1488 3755 1631 3813 seditione
1645 3754 1822 3813 factavoluit

118 3851 176 3908 liao
203 3847 367 3907 solibonor
388 3850 417 3905 et
443 3846 537 3921 gioria
564 3860 617 3920 per
643 3851 749 3904 cuncta
777 3846 942 3905 seculorum
996 3861 1166 3919 supereum
1181 3847 1310 3914 irruerc3
1328 3843 1554 3919 sedWalperto,
1571 3846 1621 3919 qui
1637 3862 1696 3903 non
1711 3845 1822 3902 tamia-

117 3936 231 4007 mula,
241 3954 337 3994 amen.
997 3937 1073 3994 roais
1089 3935 1178 3992 animi
1195 3939 1267 4003 erat,
1283 3939 1457 4003 remorante,
1473 3935 1607 3992 tardatus
1622 3938 1676 3992 est.

151 4027 201 4083 37.
218 4027 349 4099 Denique
358 4026 488 4083 Romam
498 4025 674 4099 imperatore
684 4024 853 4093 constituto,
864 4024 944 4082 Chri·
1032 4026 1076 4081 lo.
1093 4025 1151 4082 Neo
1166 4024 1265 4081 minus
1275 4023 1364 4082 etiam
1378 4040 1429 4082 eos
1444 4041 1494 4081 rex
1503 4024 1586 4099 liugn
1597 4024 1659 4081 suis
1670 4022 1822 4081 rhetoricis

118 4115 265 4185 doloret,
279 4128 367 4188 quern
390 4118 457 4172 ante
469 4114 585 4188 imperii
600 4113 773 4188 dignitatem
788 4114 941 4181 babuerat,
997 4118 1026 4171 et
1041 4113 1128 4170 melle
1141 4112 1322 4170 dulcioribus
1333 4113 1436 4187 elogiis
1451 4113 1488 4170 ab
1504 4114 1620 4186 incepto
1635 4113 1733 4170 farore
1748 4124 1821 4168 cou-

118 4205 330 4279 impersturem
343 4203 511 4273 connituit3
522 4198 790 4277 postimperiivero
803 4203 849 4260 sui
865 4203 943 4258 ordi·
998 4203 1120 4274 pescuit.
1138 4203 1212 4258 bum
1230 4203 1309 4257 enim
1325 4201 1498 4258 seditionem
1514 4216 1603 4274 super
1616 4216 1647 4257 se
1671 4200 1822 4256 exhortam

120 4293 271 4351 nehem
285 4309 358 4350 uxor
372 4293 437 4365 ejas
451 4292 479 4349 ei·
496 4291 590 4348 filium
614 4291 729 4364 peperit
751 4288 869 4347 nomine
882 4295 943 4346 Ste·
998 4290 1119 4362 atqnein
1132 4290 1365 4361 domoWalperti
1376 4287 1824 4361 regregatammesseeognos-

120 4382 379 4440 isuumtlinrsum
408 4384 546 4453 coneepto
575 4379 656 4448 fietu,
671 4379 761 4435 atium
780 4379 806 4435 ei
833 4379 946 4452 peperit
998 4382 1084 4443 caret,
1101 4376 1270 4449 hujusmodi
1286 4392 1388 4434 omnes
1403 4393 1455 4448 per
1468 4374 1665 4431 internuntios
1686 4386 1834 4455 sermone

119 4469 266 4528 manue
289 4469 514 4526 Constantinum
532 4468 576 4523 Ν.
600 4467 679 4533 Quos
694 4480 797 4524 omnes
820 4467 945 4540 impera·
999 4465 1149 4524 convenit:
1182 4465 1280 4530 -Quid
1303 4468 1357 4530 est,
1375 4464 1453 4536 quod
1467 4467 1627 4536 tantopere,
1644 4461 1698 4517 viri
1722 4462 1822 4529 fortes,

121 4563 201 4618 teres
216 4558 410 4628 minens,
423 4558 579 4629 contraius
595 4557 698 4629 fasque
708 4570 740 4613 se
750 4554 947 4613 ethristolo·
962 4577 984 4641 fl
999 4559 1118 4627 tamque
1134 4553 1279 4625 insperate
1294 4555 1396 4608 eontra
1409 4552 1574 4617 domiuum,
1599 4550 1690 4606 immo
1713 4564 1822 4623 regem,
1891 4607 1897 4614 ,

120 4664 179 4706 mu
188 4647 420 4721 primogenitum
433 4646 553 4702 domino
568 4645 604 4682 ²²⁹
614 4659 668 4702 suo
687 4643 856 4717 imperatori
871 4643 945 4700 Con·
1000 4639 1277 4700 vestrumeommoti
1288 4639 1414 4697 estisiSi
1427 4638 1579 4713 quippiam
1588 4637 1826 4712 quoddispli'caat

121 4735 258 4795 stantius
268 4735 516 4809 Porphyrogenito
534 4733 794 4808 preposni13edso
809 4731 905 4806 plane,
917 4736 950 4788 ut
1004 4737 1102 4789 aetum
1114 4728 1576 4801 esi,eonsoii·detur.iieqneesim
1586 4742 1652 4785 sera
1661 4726 1826 4784 emendatio

122 4825 316 4899 procedentes
325 4824 350 4880 is
363 4823 405 4880 tin
416 4822 606 4897 prolempsin,
616 4821 726 4879 booaat
739 4820 950 4895 adpublionm‚
1005 4818 1178 4894 reprehendi
1202 4818 1285 4885 solet,
1313 4816 1515 4891 presertimsi
1538 4816 1620 4873 nulle
1645 4815 1829 4891 neglegentia

123 4914 161 4971 ad
184 4917 319 4970 nutem
333 4912 480 4987 sophyam
494 4911 617 4979 scilieet,
636 4909 681 4967 vel
704 4912 739 4967 ed
762 4909 950 4978 vlachernas,
1006 4907 1265 4983 pretermissaest.
1279 4906 1353 4963 »iiis
1363 4905 1484 4975 auditis,
1492 4905 1619 4982 furorem
1630 4905 1727 4961 cuncti
1737 4903 1828 4962 animi

124 5014 178 5060 nu
195 5001 234 5059 ad
247 5005 370 5061 sunctae
390 5000 558 5076 modulos,
573 4996 721 5057 hommes
734 5015 802 5056 cum
826 4999 953 5057 Christo·
1007 4999 1187 5071 mitigarunt.
1200 4996 1286 5054 Solus
1295 4995 1481 5068 Ceno,inqna
1490 4994 1572 5068 prins
1583 4995 1676 5051 inerat
1686 4994 1830 5068 protervia

125 5089 222 5165 Μ
234 5089 428 5165 primogenito
439 5088 645 5164 precederent,
660 5088 869 5145 Constantinus
884 5089 952 5146 Por·
1008 5103 1142 5155 manens,
1159 5100 1276 5158 operam
1292 5083 1380 5143 dabat
1394 5100 1452 5158 qno
1467 5099 1569 5141 omnes
1584 5098 1673 5157 super
1683 5098 1780 5157 regem
1794 5083 1831 5139 ir-

806 5282 927 5341 unitim
957 5280 1153 5342 mutones

160 5464 196 5498 ‘¹⁸
210 5462 335 5522 blebem.
352 5464 378 5522 l.
417 5464 451 5502 ¹¹⁶
466 5461 610 5521 ricuini.
660 5462 694 5498 ¹²⁷
711 5459 788 5518 mitti
811 5476 882 5517 cerr.
907 5460 998 5520 mixto
1014 5460 1041 5518 i.
1090 5459 1123 5494 ²²⁰
1137 5457 1278 5514 vocabulo
1303 5473 1356 5513 con
1386 5459 1493 5518 ultime
1521 5459 1619 5516 reduit
1644 5458 1830 5515 Claustrmseo-

130 5533 182 5590 iar
198 5536 272 5591 esaie
286 5550 373 5602 voces,
395 5536 462 5607 folio
489 5536 611 5608 monadi
625 5536 725 5592 exciso.
764 5533 798 5569 ”⁹
813 5532 843 5589 in
857 5532 908 5590 hoc
935 5549 999 5591 voce
1022 5532 1124 5588 desinit
1151 5529 1236 5585 codex
1262 5528 1407 5585 litidedun.
1433 5532 1501 5587 lis'sa
1537 5533 1589 5600 rof.
1606 5534 1640 5588 iil.
1656 5528 1709 5584 338
1745 5530 1779 5565 ²³⁰
1793 5529 1832 5584 eto

127 5604 155 5663 i.
171 5550 393 5681 haereseos
408 5606 550 5679 legendum
586 5607 618 5642 ¹³¹
635 5604 773 5662 costituta
788 5604 812 5663 l.
852 5605 886 5641 ¹⁸¹
901 5607 941 5661 ita
955 5605 982 5661 l.
997 5606 1114 5675 fortusse
1130 5599 1290 5659 Gisleberto
1305 5601 1456 5672 legendum.
1495 5548 1536 5636 ’ἕ
1544 5602 1712 5671 congialem
1726 5597 1751 5654 l.
