3876 6084
13 2055 16 2059 ’
116 2033 232 2090 dicendi
246 2034 359 2105 spectat
374 2031 483 2087 locum:
500 2029 646 2101 siquidem
672 2027 768 2082 adhuc
784 2030 829 2082 est
847 2025 941 2081 ambi-

106 291 170 361 dld
593 287 781 358 sarlium}
802 285 924 353 belse.
946 285 1092 352 maon.
1115 288 1202 354 OPP.
1223 287 1324 354 PARS
1345 285 1371 354 l.
1751 279 1815 346 8ss

107 427 196 488 serim
207 427 720 503 pausem,eumorandoistepngnet,
731 424 929 498 illeaxpngne·
943 422 972 490 Α
985 421 1052 479 leet.
1069 423 1167 480 Potest
1180 427 1241 492 tua,
1265 423 1312 481 cui
1329 420 1429 480 omnis
1451 417 1488 479 ad
1504 421 1609 477 nutum
1638 417 1813 492 suppetunt,

108 522 166 587 lur;
178 518 529 592 legendoisteanimetur,
539 517 587 592 ille
597 518 772 588 increpetur;
782 514 877 569 inuno
886 512 934 568 isti
983 512 1130 587 'majestas
1141 511 1507 586 efficeretquandoquidem
1523 511 1600 567 m
1609 508 1687 565 idem
1702 505 1815 564 esttibi

108 609 231 667 virtutes
246 615 422 673 accrescant,
439 609 480 664 illi
496 608 572 663 vires
588 603 772 673 deficiant3in
789 601 935 658 alteroisti
988 598 1062 657 velle
1077 602 1156 673 quod
1172 618 1266 674 agere,
1279 618 1365 675 posse
1379 601 1457 675 quod
1477 599 1554 673 esse)
1577 602 1610 655 ut
1625 597 1686 654 hac
1709 595 1816 653 eadem

110 698 267 755 consilium
283 698 377 766 detur,
395 697 436 754 illi
452 714 540 769 pavor
554 695 705 751 inseratur.
729 693 779 748 llis
810 691 878 764 erigo
895 691 936 746 itu
989 688 1075 745 alicui
1091 691 1241 764 contingat
1255 692 1403 763 prodesse,
1420 690 1471 764 qui
1483 705 1535 764 pro
1549 703 1596 745 me
1611 687 1817 743 miserrimote

111 804 142 846 se
157 787 343 854 habentibus,
358 787 472 843 videtur
488 785 606 859 quidem
622 781 761 856 prologus
774 783 936 853 penetotus
989 778 1058 834 velit
1073 796 1200 851 exorare,
1218 795 1305 852 quem
1321 784 1351 836 tu
1367 779 1500 852 piissime
1515 777 1644 852 digneris
1665 775 1816 841 exaudire,

110 893 176 935 esse
191 891 284 944 meus,
301 877 402 949 inquo
417 881 446 933 et
469 893 504 931 ex
519 891 582 930 mco
607 873 702 946 plura,
729 871 796 926 lieet
819 870 855 927 ab
871 869 936 925 aliis
990 866 1076 940 eique
1089 868 1183 924 vicem
1198 884 1250 941 pro
1262 868 1402 926 beneficio
1417 867 1534 925 relorrs.
1550 868 1652 923 Amen.

111 969 189 1025 108
204 964 351 1039 explorata
366 965 439 1037 (401)
456 981 563 1038 ponere
578 979 645 1019 sum
664 977 765 1018 ausus.
789 959 936 1033 Agonisti·

110 1073 164 1112 cus
176 1072 242 1111 vero
256 1055 317 1128 ipse
332 1053 497 1111 communis
513 1053 646 1108 omnium
661 1049 813 1106 luctamini
832 1064 937 1104 manus
991 1028 1205 1100 fflssl’t’iwiidum
1227 1029 1297 1101 lumi
1315 1031 1491 1102 imiimi&
1514 1027 1600 1100 illm)-
1627 1027 1700 1084 bestii
1723 1025 1818 1100 ‘indu‘

111 1144 257 1212 dantium,
273 1145 351 1200 unde
366 1144 405 1198 nil
422 1143 461 1198 ibi
476 1145 581 1215 prater
596 1139 806 1196 connexionem
831 1136 936 1209 ipsam,
1186 1100 1295 1158 ”me
1310 1103 1433 1158 “imme
1445 1101 1616 1174 mmmmm·

113 1238 151 1302 et,
168 1237 202 1289 ut
216 1234 257 1289 ita
271 1232 384 1305 loquar,
399 1232 491 1288 nodos
503 1231 703 1286 membrorum
720 1226 849 1282 invenies
863 1241 939 1281 meo·
1028 1260 1083 1333 lgit

114 1339 191 1390 rum;
207 1323 256 1377 sed
273 1321 419 1377 orationes
443 1320 562 1391 quidem
583 1335 599 1373 a
622 1315 725 1373 multis
750 1313 936 1387 compositas,

114 1410 249 1485 quamvis
265 1413 292 1465 ct
307 1428 323 1464 a
338 1409 419 1464 mein
433 1407 505 1481 ipsis
517 1406 731 1478 initiisaliquas
741 1402 938 1476 interpositae,

114 1516 189 1573 quas
204 1499 318 1572 negotio
334 1498 468 1571 prasenti
479 1494 608 1568 judicavi
625 1510 779 1565 congruas,
802 1491 939 1547 lectiones

1086 1279 1120 1345 ur
1134 1261 1204 1334 quia
1219 1267 1330 1334 quanta
1345 1263 1384 1318 sit
1398 1263 1513 1319 utilitas
1523 1261 1699 1336 vigiliarum,
1711 1265 1741 1317 et
1752 1259 1823 1317 istis

993 1354 1022 1405 et
1037 1349 1138 1406 multis
1155 1349 1279 1408 aliorum
1295 1352 1461 1420 doctorum,
1480 1352 1601 1424 insuper
1614 1354 1643 1406 et
1659 1348 1823 1406 multidicis

989 1443 1100 1495 'sanctae
1116 1440 1235 1512 scripte
1256 1442 1396 1498 docemur
1417 1439 1604 1506 testimoniis,
1626 1440 1824 1495 admonemus

114 1606 181 1646 vero
198 1591 416 1644 exsauctorum
434 1586 693 1656 librisoxcerptns.
722 1581 872 1647 Quomodo
888 1597 939 1636 au·
994 1526 1207 1600 ⁰lympi⁰ni⁰en
1236 1530 1313 1601 (Μ)
1338 1535 1485 1595 ¹¹⁰⁵twm’
1510 1529 1629 1602 uim
1656 1527 1824 1602 ⁵1⁰3u¹³r⁰⁸

114 1682 173 1735 tem
190 1677 409 1750 ipsapraefati'),
440 1676 510 1730 dum
527 1672 655 1746 expediri
680 1688 744 1727 eam
769 1669 939 1726 succinctis·
994 1616 1141 1685 excubias,
1158 1614 1265 1690 quihus
1289 1623 1387 1676 castre
1411 1636 1532 1675 suarum
1552 1616 1695 1674 virtutum
1720 1622 1825 1673 contra

115 1767 190 1823 sime
204 1765 356 1831 vopuerim'
371 1769 431 1820 tam
452 1764 573 1835 longum
598 1760 753 1816 vorborum
779 1758 940 1815 obtinuerit
996 1705 1823 1781 multiplicesejusinsidiaspervigilantissimecustodiat,

113 1860 251 1924 tractum,
268 1855 375 1927 partim
392 1854 487 1909 adhuc
503 1856 531 1907 st
546 1849 618 1906 mibi
631 1853 730 1905 manet
745 1848 938 1921 incognitum

115 1950 259 2018 quantum
274 1946 372 1999 autem
389 1945 434 1998 cst
458 1944 638 2014 perceptum,
666 1937 759 1994 altum
789 1939 820 2010 [f.
837 1937 940 2009 aliurn]

954 1795 977 1861 Β
993 1810 1024 1850 se
1038 1794 1149 1850 noverit
1159 1797 1401 1869 aggredidcbere.
1411 1794 1570 1853 Prrsveniat
1584 1795 1683 1868 itaque
1694 1793 1825 1851 eliorum

993 1881 1108 1955 vigilias
1123 1883 1220 1940 studio
1231 1885 1359 1941 adeundi
1375 1884 1598 1954 conaminisne
1614 1899 1647 1940 eo
1657 1882 1826 1941 dormiente

995 1969 1173 2044 improvisus
1197 1973 1289 2029 irruat
1313 1973 1417 2038 bostis,
1438 1990 1472 2029 eo
1488 1973 1599 2031 scilicet
1621 1971 1731 2044 sevior,
1764 1990 1825 2045 quo

919 2114 924 2124 ,
995 2060 1108 2134 pridem
1122 2062 1217 2118 victus
1231 2063 1431 2119 verecundior.
1448 2061 1502 2119 Ubi
1517 2061 1616 2135 itaque
1631 2060 1731 2118 oculos
1752 2079 1826 2135 upe-

114 2121 305 2196 guantone),
323 2136 411 2191 quem
426 2113 940 2187 DeuswlitutfflusaV⁰¹⁸g³tin⁰³¹'
995 2149 1095 2214 ruerit,
1125 2167 1227 2207 nemer
1256 2151 1461 2225 precipientis:
1498 2152 1617 2224 Incipite
1646 2151 1764 2207 Donrino
1795 2152 1827 2207 in

114 2203 940 2280 tumscdrogointarhnc,benigueJcsu,voniam,dum
995 2241 1253 2311 wnsessimeppsa,
1280 2258 1360 2296 CXLVI
1391 2243 1429 2295 it·
1456 2239 1649 2297 reminiscens
1670 2239 1828 2296 etiamb&

117 2298 300 2357 incessanter
314 2301 341 2353 te
355 2313 411 2352 non
427 2295 580 2368 ignorante
595 2292 734 2349 contraho
750 2309 866 2349 noxam.
885 2291 943 2346 Cur
1257 2284 1263 2297 “
1365 2283 1371 2308 ’
1423 2285 1430 2307 ’

889 2381 894 2391 ,
996 2329 1167 2385 aeficiorum
1181 2330 1246 2402 ejus
1261 2328 1513 2396 inumerabilium,
1539 2327 1594 2384 hoc
1617 2327 1695 2384 illico
1720 2331 1828 2384 contre

117 2389 197 2446 mm
212 2388 268 2444 ista
284 2386 485 2460 psaemiwim‘
502 2383 602 2439 Vidwr
617 2383 690 2438 mihi
703 2400 737 2439 ex
751 2387 833 2454 parm
855 2398 940 2450 ⁵⁰¹f⁰3
996 2415 1148 2474 inimicum
1161 2419 1327 2491 intorqueat
1341 2417 1432 2474 telum
1461 2418 1538 2490 quod
1554 2420 1584 2474 et
1607 2416 1664 2474 sibi
1689 2415 1727 2474 sit
1743 2417 1828 2474 omni

119 2483 221 2535 utrum
237 2482 334 2533 autem
350 2477 404 2531 rite
419 2472 621 2548 praemiserim,
638 2490 705 2528 curn
721 2476 749 2528 et
763 2472 792 2526 in
808 2470 943 2544 pluribus
996 2506 1097 2580 clypeo
1113 2508 1207 2564 tutius
1220 2459 1452 2563 defensaculum'·

118 2566 166 2623 vix
180 2566 292 2623 valeam
308 2563 564 2636 comprehendere,
583 2562 612 2617 in
629 2560 779 2617 nonnullis
803 2560 944 2617 confiteor

119 2672 166 2713 me
182 2649 944 2728 penitusnescire.Riteestnutemomnequodhumi·
996 2642 1117 2714 Eaplicit
1144 2641 1213 2698 liber
1235 2649 1328 2697 sextas
1351 2640 1571 2714 Proetoqaierem
1593 2639 1719 2698 dederit
1746 2642 1827 2699 Vere·

117 2742 343 2817 lrterprolatum
361 2758 418 2798 non
434 2740 567 2797 dissonat
583 2739 619 2794 sb
635 2738 814 2806 omnimoda,
831 2755 895 2810 quia
911 2741 942 2792 tn
1031 2729 1123 2768 ”im
1151 2712 1261 2797 ‘ilidii‘
1290 2712 1415 2769 Eississiiii'
1445 2713 1573 2784 Cl’ssfflPi'»
1589 2711 1635 2768 sed
1662 2711 1828 2770 ¹⁶1²wass

118 2834 307 2900 severitate.
324 2831 353 2887 Si
383 2829 537 2903 quidergo
568 2828 622 2884 rite
637 2833 681 2884 est
707 2828 828 2894 dictum,
859 2826 942 2895 mibi,
1032 2785 1169 2840 mmmm·

123 2921 256 2990 Domine,
272 2936 341 2992 rogo
358 2921 389 2973 ut
403 2915 543 2989 proficiat:
558 2915 583 2970 si
608 2914 677 2987 quid
694 2931 764 2970 sane
788 2914 942 2982 absonum,
1034 2917 1087 2983 Qui
1101 2917 1223 2990 coepisse
1237 2916 1346 2974 librum
1362 2916 1494 2984 dederas,
1510 2915 1595 2973 finire
1606 2914 1732 2985 dedispip

121 3015 172 3066 tua
186 3026 284 3084 quaeso
300 3006 601 3079 clementiaignoscat‚
611 3009 718 3076 tuaque
727 3005 866 3075 irraJ'estas
874 3021 944 3059 cen·
1070 3006 1287 3079 cunctipotens,
1304 3005 1414 3063 famulo
1427 3006 1525 3063 dando
1541 3009 1644 3079 rogata
1658 3009 1723 3063 tuo.

121 3100 215 3167 cedat,
232 3102 265 3155 ut
277 3097 371 3152 brecco
386 3095 493 3167 aliquis
510 3093 614 3150 melius
626 3109 715 3166 quarn
730 3110 783 3166 ego
798 3093 893 3149 adhuc
904 3093 946 3148 in·
1035 3095 1117 3151 Hunc
1131 3112 1184 3169 ego
1199 3095 1355 3152 Rathcrius
1369 3112 1422 3168 pro
1437 3099 1465 3151 te
1480 3095 1552 3168 quis
1565 3093 1640 3151 isrre
1655 3091 1801 3153 laborem.

119 3185 399 3261 teiligenscorrigat,
416 3200 502 3239 nemo
517 3200 583 3239 vero
598 3186 776 3256 corrumpat,
794 3198 878 3238 nemo
893 3182 943 3238 de·
958 3167 981 3235 G
1070 3184 1199 3257 Suscepi,
1215 3185 1323 3257 probra
1336 3183 1427 3253 dilue,
1439 3183 1554 3241 Christe
1569 3199 1645 3240 mes.

120 3345 189 3402 bros
204 3344 260 3400 ista
281 3343 396 3399 videtur
412 3344 545 3409 innuere,
561 3346 593 3397 nt
607 3343 739 3398 orationis
769 3343 886 3397 nornine
910 3360 944 3398 es
998 3362 1049 3420 pro
1064 3346 1170 3418 explico
1185 3362 1202 3401 a
1216 3345 1353 3403 Ratirerio
1367 3348 1530 3418 usurpetur
1544 3341 1670 3418 epistola
1684 3345 1826 3414 secunde,

120 3417 185 3474 loca
200 3415 353 3490 significet,
370 3432 434 3486 quae
449 3414 510 3486 ipse
526 3431 560 3469 ex
576 3413 679 3469 alienis
696 3413 850 3469 sententiis
875 3412 944 3469 hinc
997 3422 1031 3474 ut
1045 3417 1156 3489 patebit
1169 3432 1205 3472 ex
1220 3423 1280 3473 not.

119 3487 188 3545 inde
203 3487 346 3559 excerptis
361 3486 519 3551 contexere
536 3487 660 3541 lectionis
686 3502 752 3540 vero
779 3484 899 3541 nornine
915 3490 944 3541 et
1044 3489 1107 3560 aee)
1122 3488 1196 3544 Cum
1210 3488 1369 3557 ambientem
1383 3487 1464 3555 dicit,
1480 3502 1560 3560 quem
1573 3488 1605 3542 in
1631 3487 1738 3543 celtum
1752 3487 1825 3544 eece

119 3559 277 3645 prolixiore
294 3564 411 3629 Patroni
428 3557 604 3621 testimonia,
622 3573 686 3628 qun
701 3557 821 3612 totidem
846 3556 943 3612 verbis
998 3577 1029 3616 ae
1043 3562 1107 3623 ieet
1120 3576 1204 3615 cossa
1214 3566 1417 3629 romaecenses
1428 3558 1546 3615 nomine
1561 3568 1645 3614 suam
1659 3574 1825 3615 erumnam

11 3662 14 3667 Δ
119 3633 253 3689 inseruit.
284 3632 436 3687 tectionem
457 3629 576 3702 quidem
602 3633 773 3700 usurpatam
799 3645 850 3700 pro
874 3653 943 3710 περι·
998 3629 1825 3711 etcarceremindicsrevidetur3quippe-quodcumben

119 3717 191 3786 susp
218 3706 310 3767 textu,
339 3701 524 3773 allegatione,
548 3700 730 3765 auctoritate,
761 3700 941 3766 testimonio,
977 3702 1148 3773 scriberet,
1166 3719 1224 3758 suae
1239 3718 1334 3758 causae
1349 3701 1459 3758 exitum
1476 3705 1632 3774 ignoraret.
1644 3700 1824 3774 Huneporm

121 3781 248 3831 sectione
263 3774 458 3843 undecunque
473 3773 619 3842 decerpta,
632 3788 695 3842 qun
712 3771 942 3837 adducebantur,
998 3790 1118 3830 sensnm
1134 3790 1199 3829 esse
1213 3778 1363 3845 putamus.
1380 3773 1526 3838 Quantum
1536 3776 1635 3829 autem
1651 3776 1824 3847 perceptum

120 3850 149 3902 et
163 3845 361 3900 recitabantur
376 3842 404 3897 in
417 3842 548 3914 judiciis,
575 3841 703 3912 scriptis,
720 3847 747 3897 et
762 3841 791 3896 in
818 3841 944 3898 Ecclesia
997 3851 1052 3911 ast,
1068 3844 1164 3900 curbi
1182 3844 1248 3901 libri
1264 3849 1325 3900 tem
1340 3843 1447 3917 prolixi
1464 3843 1582 3911 luerint,
1608 3842 1699 3900 alium
1724 3841 1825 3901 locum

120 3911 944 3999 quoque-lacobusGothoireduspluribusexempiispro
997 3920 1117 3989 spectat,
1134 3916 1224 3972 idest
1250 3920 1407 3989 exspectat,
1438 3931 1506 3971 curn
1531 3914 1642 3971 scilicet
1665 3914 1825 3972 liutherius

118 3987 169 4044 bnt
184 4004 213 4042 1n
229 3989 438 4066 commentario
453 3984 490 4039 ad
505 3983 721 4055 legemunrcam
731 3984 840 4040 codicis
852 3984 943 4040 Theo·
996 4004 1110 4057 carcere
1126 3987 1251 4056 solutus,
1266 3986 1387 4044 liberius
1397 4003 1485 4043 suum
1501 3985 1657 4043 consilium
1677 3986 1826 4060 explicere

120 4057 234 4115 dosiani
249 4058 285 4113 De
306 4071 441 4128 responsis
464 4055 638 4126 prudentum,
669 4055 881 4127 contirmatquo
905 4056 941 4111 ad
995 4059 1112 4132 poterit.

118 4128 214 4203 legam
230 4128 389 4209 nonam'lie
401 4125 575 4208 infirmandis
588 4127 632 4207 tis
646 4140 708 4197 quae
728 4128 778 4180 set
802 4131 822 4181 tr
834 4129 939 4182 reneis.
1030 4131 1104 4202 (aas)
1121 4130 1203 4185 lluoc
1219 4135 1331 4186 textum
1346 4129 1375 4184 in
1400 4131 1443 4185 Au
1467 4127 1558 4184 ustini
1583 4126 1670 4185 editis
1693 4126 1825 4201 reperire

120 4201 259 4283 llamdem
275 4199 520 4281 signrficatronem
538 4201 569 4252 ut
583 4197 652 4252 burc
672 4213 789 4278 quoque
812 4144 940 4254 liutharii
995 4218 1053 4257 non
1069 4201 1160 4257 licuit.
1178 4201 1249 4258 llsse
1264 4207 1362 4257 tamen
1377 4216 1412 4256 ex
1456 4215 1524 4273 ique
1536 4214 1671 4255 sermone
1686 4198 1824 4255 s‘uadam

117 4270 417 4354 texturnepplrcemus
446 4269 570 4350 suadent
597 4285 628 4324 se
650 4272 759 4324 uentre:
787 4269 940 4342 Neritius
995 4273 1024 4329 S.
1041 4273 1179 4342 doctoris,
1189 4269 1689 4344 quidesideratur,suadetlsctiops
1727 4283 1823 4338 mavi,

118 4343 173 4400 boc
187 4343 394 4414 scilicetopers
411 4285 649 4425 liraeloquroruml
667 4345 770 4395 proter
793 4343 940 4397 connexio·
994 4361 1068 4400 vers.
1083 4347 1110 4400 7:
1140 4346 1253 4416 lncipite
1282 4344 1396 4400 Domino
1424 4345 1455 4399 in
1482 4341 1660 4415 confessicae,
1688 4356 1756 4415 que
1779 4346 1826 4397 tar

116 4417 293 4498 semipsum,
311 4418 347 4479 et,
364 4420 393 4468 et
408 4416 447 4468 etc
462 4412 568 4494 topper,
592 4411 675 4494 erodes
695 4412 877 4468 membrorum
893 4414 939 4469 in·
959 4430 963 4434 ’
994 4417 1072 4489 apud
1087 4416 1223 4472 eumdem
1239 4414 1355 4488 iegitur,
1372 4413 1513 4471 nimirum
1535 4416 1619 4471 tract.
1633 4415 1661 4480 li,
1677 4410 1709 4467 in
1734 4411 1824 4485 epist

117 4503 208 4544 ventes
221 4502 356 4552 neeorune
370 4484 416 4540 set
439 4491 575 4539 orationes
593 4483 703 4553 quietem
718 4501 735 4537 c
749 4484 843 4539 inultis
869 4501 939 4540 corn·
993 4487 1126 4553 loannis,
1143 4505 1171 4543 n.
1186 4488 1213 4554 3,
1231 4503 1318 4543 sarm.
1337 4488 1362 4550 l,
1372 4485 1455 4558 inps.
1468 4501 1566 4555 crn,n.
1580 4483 1824 4557 d,etinpscxnvr,

116 4560 227 4632 pesr'tm,
243 4559 368 4630 quemuis
383 4564 438 4611 eto
460 4571 503 4610 me
518 4556 548 4610 ia
565 4556 631 4626 ipsis
652 4556 744 4610 initiis
771 4556 879 4627 stipites
898 4558 939 4612 ie-
957 4538 979 4602 ὓ
995 4577 1024 4616 n.
1044 4561 1086 4615 tl.
1097 4559 1158 4614 Nox
1170 4575 1286 4632 quoque
1302 4557 1508 4628 defensaculum
1522 4556 1559 4613 ab
1575 4556 1680 4613 eodem
1695 4570 1826 4630 usurpe-

120 4632 350 4702 tarcodimantes
370 4629 476 4697 nepotis
495 4627 627 4698 presenti
646 4626 773 4696 judicent
797 4643 942 4699 conprece
996 4635 1046 4687 tur
1060 4635 1185 4688 enarret.
1203 4631 1233 4686 in
1249 4646 1294 4702 ps.
1313 4646 1398 4698 nxvrr,
1414 4646 1443 4684 n.
1455 4628 1500 4686 2i.

119 4703 249 4758 lectiones
274 4716 336 4756 vero
350 4715 386 4768 op
404 4707 559 4754 sanctornm
582 4699 662 4753 libris
688 4705 837 4769 excerptas.
861 4701 942 4755 Certe
1032 4702 1107 4774 (toa)
1123 4700 1197 4758 Mala
1212 4700 1381 4774 invulgatis
1405 4698 1648 4772 olympdiemecm.
1676 4696 1827 4772 Olympic-

118 4786 185 4829 voro
200 4789 267 4829 curn
283 4788 314 4828 se
330 4769 359 4825 in
375 4786 490 4851 carcere
505 4769 700 4850 libris'carere
716 4769 802 4840 paulo
817 4772 884 4826 anta
899 4774 941 4826 te·
995 4775 1069 4829 nicee
1084 4778 1182 4829 eutem
1199 4772 1247 4829 ille
1257 4773 1365 4839 dictus,
1381 4770 1432 4845 qui
1447 4768 1648 4852 inolympiace
1661 4767 1826 4826 certamine

119 4849 213 4901 status
225 4843 416 4927 sittacuones
432 4841 480 4896 hic
501 4857 617 4913 proprio
633 4846 661 4922 et
686 4839 803 4913 vulgato
828 4841 941 4915 legendi
995 4845 1086 4900 victor
1098 4845 1200 4901 evasit.
1215 4844 1266 4900 llic
1281 4848 1379 4899 numm
1394 4843 1430 4900 de
1442 4858 1475 4900 eo
1490 4841 1608 4909 dicitur,
1619 4839 1672 4914 qui
1685 4855 1757 4898 cum
1772 4855 1827 4916 spe

117 4933 206 4973 sensu
225 4930 356 4988 accipere
372 4929 557 4985 nequaquam
575 4916 679 4984 potuit.
995 4916 1122 4972 victoriae
1139 4920 1327 4989 pugnaturus
1342 4919 1397 4972 est.

154 4989 230 5062 (40¹)
246 4987 405 5060 Explorato,
427 4985 514 5040 idest
542 4982 694 5056 explicata.
719 4984 837 5056 Explere
861 4985 940 5040 enim
