3892 6090
112 263 173 326 869
583 266 896 331 ΑΝΤΑΡΟΒΟΒΕΟΒ
919 263 1035 329 stunt·
1047 268 1135 331 SEX.
1150 302 1190 316 -
1203 271 1278 334 un.
1299 269 1352 332 lv.
1760 273 1820 335 870
1877 296 1880 301 ·

114 395 309 471 temptavit,si
326 396 456 470 premiis
470 396 618 471 aliquibus
630 398 660 455 id
676 404 774 473 posset
788 400 941 474 adquirere
955 401 984 468 Α
998 405 1114 458 suetum
1131 419 1242 459 morem
1257 401 1821 477 panembenedixit,thegit,acdedit,non

114 485 232 559 sibique
248 485 389 543 adversus
401 486 533 544 visibiles
549 492 637 561 atque
658 488 820 546 invisibiles
843 489 943 546 hostes
997 491 1244 555 credieomnibus
1260 496 1356 548 tamen
1373 491 1593 566 eondiscipulis,
1606 490 1822 564 quibusjanuis

115 591 200 632 arma
214 574 409 632 invictissima
422 575 666 650 triumphumque
681 583 854 651 perpetuum
870 595 942 652 pree·
997 578 1106 637 clausis
1132 582 1278 654 apparuit,
1303 582 1374 654 qnid
1398 581 1487 638 tidem
1514 597 1571 636 non
1596 579 1736 638 adhibere
1758 597 1825 636 con·

115 665 317 740 parare.Quod
333 681 400 721 eum
416 681 467 721 rex
482 665 625 722 Rodullus
648 668 744 724 modis
759 668 897 724 omuibus
912 684 943 723 se
997 669 1118 726 tendis?
1131 670 1338 738 Meministine,
1366 669 1498 743 inquam,
1514 669 1641 725 eundem
1665 668 1823 725 Dominum

117 770 281 827 numquam
308 754 362 809 hoc
385 759 520 810 acturum
542 755 680 828 ediceret,
705 773 755 813 rex
778 757 942 824 Heinricus,
998 761 1026 813 et
1041 764 1248 831 preceptorem
1262 763 1359 827 tuum,
1376 759 1423 815 eui
1447 763 1475 815 tc
1490 758 1732 814 commoriturum
1756 774 1823 830 pro·

116 845 188 918 quia
211 841 325 899 mollire
349 842 428 899 hunc
453 843 626 901 muneribus
649 862 707 901 non
729 847 834 918 potuit,
855 846 944 901 minis
998 846 1148 913 mittebas,
1169 852 1236 904 ante
1252 848 1418 921 passionem
1443 846 1504 903 hae
1518 846 1617 903 omnia
1631 845 1824 919 praedixisse?

115 935 225 987 terrere
241 944 418 1003 magnopere
437 931 558 987 cumvit.
575 931 667 990 Omne
691 933 800 1007 quippe
820 950 943 1007 regnum
997 935 1045 991 Ait
1057 952 1185 1008 namque
1200 954 1206 992 :
1221 960 1235 987 «ι
1253 937 1322 992 Eece
1339 935 1531 993 ascendimus
1542 934 1781 1006 lherosolimam,
1796 939 1825 992 ct

117 1020 182 1092 ejus
197 1018 266 1076 cede
291 1022 378 1090 etque
402 1018 546 1076 incendiis
566 1037 598 1077 se
619 1021 865 1096 depopulaturum
877 1039 941 1081 esse
998 1026 1285 1082 consummabuntur
1299 1024 1473 1097 omniaque
1490 1023 1598 1097 scripta
1611 1028 1681 1081 sunt
1696 1040 1748 1097 per
1757 1040 1824 1096 pro·

117 1104 262 1179 promisit.
279 1105 433 1172 Quiavero
455 1108 532 1179 quod
558 1109 712 1181 petebatur
737 1128 847 1168 munus
871 1115 943 1182 erat,
998 1113 1103 1186 phetas
1118 1115 1153 1171 de
1169 1113 1228 1170 lilio
1253 1113 1392 1170 hominis.
1410 1113 1554 1169 Tradetur
1575 1113 1654 1169 enim
1676 1112 1824 1186 gentibus,

118 1211 178 1268 quo
193 1193 362 1251 caelestibus
378 1199 456 1251 terra
468 1196 545 1253 lleus
559 1198 750 1269 conjunxerat
763 1200 946 1274 ³⁰⁶,lapissci-
999 1206 1027 1258 ct
1055 1201 1204 1272 illudetur,
1234 1208 1263 1260 ct
1292 1202 1497 1276 flagellabitur,
1524 1206 1553 1258 et
1581 1207 1771 1274 conspuetur.
1796 1208 1825 1260 et

118 1283 187 1340 licet
201 1283 350 1356 angularis
368 1284 476 1341 iaciens
491 1289 617 1359 utraque
634 1290 858 1356 unum,ltodulli
870 1289 946 1362 regis
1001 1294 1156 1364 postquam
1172 1292 1389 1366 flagellaverint,
1406 1293 1540 1349 occident
1554 1308 1633 1362 eum,
1649 1296 1679 1349 et
1697 1291 1744 1350 die
1765 1295 1824 1349 ter·

120 1371 331 1437 corcmollivit‚
344 1374 484 1447 justoque
501 1375 562 1448 regi
581 1376 666 1447 justa
685 1378 768 1449 juste
791 1379 900 1451 petenti
913 1379 946 1414 ³⁰⁷
1000 1379 1046 1434 cia
1073 1385 1206 1453 resurget
1237 1385 1311 1452 (tur.
1341 1399 1420 1446 xvur,
1453 1381 1511 1452 3l).
1545 1382 1602 1438 Cur
1627 1380 1727 1454 itaque
1755 1397 1824 1439 eum

121 1462 256 1519 cominus
271 1462 504 1535 tradidit.Neque
520 1465 598 1521 enim
614 1483 683 1538 paee
699 1467 948 1539 presentesimul·
1001 1470 1196 1525 resurrexisse
1211 1469 1339 1535 dubitas
1358 1486 1424 1525 eum
1446 1470 1583 1542 gentibus
1607 1470 1760 1539 traditum,
1775 1470 1826 1526 tla-

120 1551 173 1605 tati
190 1549 271 1606 locus
286 1556 356 1607 erat.
370 1550 444 1607 Nam
460 1557 489 1608 et
504 1569 548 1624 eo,
565 1554 615 1625 qui
631 1553 679 1611 his
693 1557 850 1612 crucifixus
865 1561 948 1624 esta
1001 1556 1152 1629 gellatum,
1175 1562 1364 1631 consputum,
1380 1558 1564 1625 crucifixum,
1588 1558 1667 1614 sicut
1686 1558 1825 1631 predixe-

119 1636 213 1693 Pilato
229 1639 265 1693 ad
281 1639 424 1695 Herodem
443 1646 628 1712 properante,
646 1643 713 1698 iacti
729 1649 799 1700 sunt
814 1645 899 1700 amici
916 1646 945 1700 in
1002 1651 1056 1714 rat,
1077 1646 1201 1703 videas?
1225 1647 1308 1703 Haud
1331 1647 1368 1701 ab
1389 1663 1418 1702 re
1442 1651 1496 1714 est,
1519 1646 1597 1718 quod
1623 1646 1717 1703 Deum
1740 1651 1826 1703 tuum

118 1724 170 1781 illa
185 1726 243 1793 die,
260 1727 311 1799 qui
325 1728 409 1800 prius
425 1727 631 1784 inimiciorem
644 1730 680 1785 ad
696 1730 986 1832 invicem.t]uantoB
1002 1735 1139 1790 manibus
1155 1735 1281 1808 propriis
1302 1740 1426 1791 tractare
1440 1735 1604 1792 contendis.
1620 1736 1684 1809 lpse
1699 1750 1826 1808 namque

119 1819 218 1871 autem
233 1829 331 1871 amore
347 1833 397 1871 rex
411 1815 565 1873 Heinrioua
580 1819 733 1889 prelatum
750 1820 947 1877 inestimabile
1002 1839 1051 1878 rex
1063 1827 1171 1890 noster,
1189 1824 1323 1895 quiante
1344 1823 1450 1879 secula
1474 1829 1612 1896 operatus
1632 1829 1677 1882 est
1700 1823 1826 1881 salutem

119 1904 231 1960 donum
251 1905 404 1976 acceperit,
422 1921 489 1960 cum
506 1906 536 1961 in
559 1906 707 1963 nonnullis
722 1909 821 1977 rebus,
839 1913 901 1965 tum
916 1911 945 1965 iu

122 1992 178 2049 huc
193 1994 355 2066 praesertim
371 1992 486 2062 claruit,
502 1996 578 2067 qnod
595 2012 651 2051 non
667 1996 763 2053 solum
780 2016 813 2054 eo
827 2000 945 2055 dantem

121 2099 153 2140 se
168 2082 232 2138 auri
247 2084 419 2156 argentique
435 2085 619 2154 muneribus,
636 2102 736 2141 verum
761 2088 848 2143 etiam
872 2090 946 2145 Sue-

121 2189 224 2229 vorum
241 2173 387 2246 provincie
401 2178 483 2245 parte
498 2190 553 2229 non
571 2174 947 2234 minimahonoravit.l)eus

121 2261 285 2335 autem,qui
302 2279 360 2334 quo
376 2262 503 2335 quisque
518 2264 588 2336 quid
605 2264 703 2321 animo
720 2268 947 2340 peragatintuo·

122 2355 182 2419 tur,
197 2368 254 2407 non
272 2350 404 2407 muneris
420 2353 593 2424 quantitatis
613 2355 663 2410 sed
688 2356 770 2411 bonae
789 2355 948 2413 voluntatis

121 2439 271 2512 inspector
285 2457 318 2496 ac
333 2440 502 2510 retributor,
520 2447 630 2514 quanta
645 2444 680 2499 oh
696 2443 875 2515 praelibatam
886 2461 948 2500 rem

123 2529 257 2586 mercede
270 2532 377 2586 aeterno
394 2530 423 2586 in
439 2530 545 2586 seculo
568 2531 649 2604 pium
666 2532 816 2588 donaverit
840 2549 947 2606 regem,

121 2617 241 2674 indiciis
256 2618 437 2689 quibusdam
452 2618 506 2674 hoc
521 2619 609 2674 etiam
626 2620 653 2674 in
670 2624 800 2693 tempore
810 2621 948 2694 prodidit,

121 2707 195 2763 dum
207 2710 308 2763 contra
321 2723 352 2762 se
368 2708 555 2780 insurgentes
570 2708 624 2764 hoc
640 2709 802 2766 victorifero
817 2727 948 2783 praeun·

121 2800 152 2853 te
176 2796 261 2869 signo
284 2811 402 2869 semper
422 2795 522 2853 hostes
536 2797 639 2853 terruit
654 2802 739 2871 atque
755 2800 873 2872 fugavit.
890 2800 949 2856 llac

122 2883 215 2958 igitur
228 2884 390 2952 occasione,
406 2883 497 2941 immo
512 2885 562 2941 Dei
577 2885 735 2959 voluntate,
753 2892 884 2944 sanctam
900 2906 950 2945 rex

122 2972 278 3030 heinricus
294 2973 465 3046 rompheam
481 2975 604 3048 adeptus
619 2980 681 3043 est;
698 2993 786 3048 quam
808 2976 868 3033 filio
883 2995 947 3047 suo,

1001 1911 1030 1965 in
1048 1912 1143 1967 medio
1159 1916 1241 1967 terre
1257 1913 1342 1984 (Psoi.
1365 1929 1461 1978 naxus,
1480 1912 1534 1984 12),
1551 1913 1602 1984 qui
1626 1912 1706 1969 novit
1727 1913 1827 1969 omnia

1000 2003 1157 2071 antequam
1174 2000 1254 2066 fiant,
1272 1998 1383 2055 multos
1396 1999 1567 2072 previderat
1583 1999 1637 2056 hoe
1652 2017 1749 2056 errore
1764 2017 1827 2072 per-

1001 2087 1103 2156 ituros,
1131 2092 1164 2142 ut
1188 2093 1242 2154 cst,
1269 2088 1436 2143 misericors
1465 2093 1494 2143 et
1519 2087 1672 2145 clemens:
1698 2111 1712 2140 α
1737 2090 1824 2159 lnler,

1002 2176 1051 2244 ait,
1069 2175 1191 2248 dignum
1208 2176 1275 2245 huc,
1292 2183 1320 2231 et
1344 2176 1427 2232 mitte
1451 2194 1572 2231 murrum
1595 2180 1677 2232 tuam
1702 2177 1826 2235 inlatus

1002 2281 1112 2333 meum,
1128 2269 1157 2320 et
1178 2265 1237 2320 noli
1263 2282 1327 2322 esse
1351 2264 1531 2331 incredulus,
1552 2266 1602 2321 scel
1626 2265 1722 2321 fidelis
1736 2266 1824 2337 (toan.

1001 2369 1048 2418 xx,
1063 2353 1120 2423 27).
1148 2374 1161 2401 u
1179 2361 1413 2423 'atattztaeept
1428 2362 1489 2423 ἅγιι,
1514 2353 1627 2408 exauda
1650 2353 1686 2408 dc
1713 2353 1828 2410 Thomu

1003 2441 1077 2514 agie,
1093 2441 1173 2512 qnod
1188 2444 1233 2497 cst
1249 2459 1255 2496 :
1271 2442 1409 2497 cantitare
1424 2445 1523 2496 nutem
1544 2440 1658 2496 'lhoma
1672 2445 1783 2509 sancte,
1798 2446 1828 2498 et

1002 2533 1054 2585 tua
1068 2529 1218 2586 dubietate
1233 2547 1319 2586 omne
1336 2534 1469 2584 nostrum
1480 2527 1601 2584 exclude
1611 2528 1825 2601 amphibolum.

1003 2619 1144 2685 Dominus,
1159 2617 1266 2690 inquit,
1282 2635 1359 2674 rneru
1374 2625 1400 2674 et
1417 2618 1486 2674 Deae
1506 2633 1592 2674 uuus.
1608 2617 1630 2674 Ο
1653 2617 1826 2691 ambiguum

1003 2707 1082 2763 omni
1099 2707 1185 2763 laude
1206 2704 1433 2780 dignissimum!
1451 2706 1473 2763 0
1488 2706 1611 2762 dubium
1636 2706 1749 2764 cunctis
1773 2724 1827 2764 sae·

1003 2795 1078 2853 culis
1093 2795 1327 2870 predicandum!
1345 2795 1374 2852 Si
1391 2800 1423 2852 tu
1438 2813 1496 2851 non
1521 2795 1683 2866 dubitares,
1699 2813 1757 2854 non
1773 2812 1827 2870 ego

1003 2889 1063 2940 tom
1078 2884 1201 2942 firmiter
1215 2885 1406 2941 crederem.Si
1423 2884 1581 2941 mulierum
1597 2886 1789 2955 credentium,
1801 2887 1826 2944 si

1003 2973 1518 3047 condiscipulorumlidemheroticis,
1528 2973 1643 3048 quinon
1654 2992 1826 3050 verocorpo·

121 3063 160 3119 de
170 3062 270 3136 quo⁸⁰⁸
283 3062 536 3136 inpresentiarum
552 3065 636 3121 uobis
649 3068 948 3124 sermoestdccedons
1003 3062 1194 3119 redonrinum
1205 3069 1337 3119 nostrum
1356 3062 1457 3118 lesum
1472 3062 1621 3118 Christum
1634 3063 1828 3121 resurrexisse

122 3168 192 3210 cum
207 3168 295 3226 regno
311 3151 400 3209 simul
415 3152 590 3209 hereditario
603 3153 760 3227 dereliquit
769 3156 822 3219 Qui
838 3130 984 3228 quantaC
1003 3151 1160 3219 latrabant,
1177 3151 1360 3218 diceremus,
1370 3150 1464 3207 multa
1474 3150 1559 3207 nohis
1578 3155 1752 3223 argumenta
1765 3151 1828 3209 dia·

121 3242 235 3299 donum
251 3240 447 3299 inestimabile
472 3245 654 3299 veneratione
678 3244 810 3312 coluerit,
827 3245 949 3302 victoria
1003 3239 1096 3296 bolicu
1110 3239 1267 3295 calliditate
1282 3242 1471 3312 opponerent·
1488 3238 1543 3295 Sed
1559 3255 1627 3295 cum
1643 3236 1827 3297 dubitantem

123 3347 183 3388 nnn
198 3329 293 3387 solum
309 3331 418 3386 indicat
442 3347 581 3403 presens,
597 3349 698 3387 verum
721 3332 898 3399 divinorum,
916 3338 949 3389 ut
1002 3329 1145 3384 Thomam
1159 3344 1266 3401 carpus
1281 3331 1433 3395 tractasse,
1449 3326 1605 3383 vulnerum
1621 3328 1772 3385 cicatrices
1785 3333 1827 3383 ts·

123 3419 268 3492 promturi
284 3436 399 3487 sumus,
412 3418 710 3490 admirandalnrgitio
727 3420 949 3477 muncrumllis
1003 3418 1116 3490 tigisse,
1132 3434 1165 3473 ac
1181 3434 1248 3472 uros
1267 3416 1452 3472 dubitacione
1474 3419 1586 3473 remota
1609 3419 1699 3471 Deum
1720 3418 1749 3471 et
1771 3414 1826 3469 Do·

122 3508 224 3581 itaque
248 3507 410 3582 perterritis
437 3511 524 3580 atque
555 3508 671 3582 iugatis,
697 3525 747 3563 rex
771 3509 866 3576 rediit,
891 3526 949 3566 non
1004 3506 1119 3562 minum
1135 3505 1314 3561 exclamasse
1328 3503 1462 3572 audiunt,
1478 3504 1528 3576 qui
1541 3503 1623 3575 prius
1644 3507 1728 3559 erant
1750 3501 1827 3557 mul·

122 3600 238 3654 tantum
253 3597 289 3653 de
305 3596 404 3652 divina
418 3595 607 3652 miseratione
623 3597 805 3669 magnificus.
1004 3595 1104 3662 tisoni,
1120 3611 1188 3650 mox
1206 3596 1238 3648 nt
1261 3593 1356 3664 pisces
1371 3591 1508 3647 videntur
1521 3591 1638 3659 insani;
1655 3606 1830 3662 cognoscen-

156 3687 204 3742 25.
226 3686 308 3743 Libet
333 3691 431 3742 autem
455 3684 610 3758 paululum
638 3685 800 3754 immorari,
821 3690 849 3741 et
872 3686 950 3758 quod
1003 3688 1048 3740 tes
1072 3682 1142 3756 quia
1170 3688 1197 3739 et
1218 3699 1286 3738 vera
1309 3697 1376 3737 caro
1399 3684 1453 3750 est,
1483 3697 1547 3753 quae
1577 3679 1694 3737 tractari
1722 3678 1827 3752 potnit,

123 3792 183 3832 non
207 3775 329 3831 fortuitu
354 3775 405 3832 sed
430 3775 489 3832 Deo
515 3775 686 3848 disponente
705 3775 766 3832 haec
782 3776 823 3832 ita
837 3775 950 3833 accide·
1005 3777 1033 3830 et
1047 3772 1136 3839 Deus,
1152 3771 1202 3845 qui
1217 3771 1325 3828 clausis
1336 3770 1439 3843 jannis
1454 3769 1581 3826 intravit.
1596 3771 1632 3826 Et
1653 3770 1732 3842 quod
1751 3768 1829 3826 'l'ho-

122 3863 195 3933 rint,
211 3880 357 3921 enarrare.
382 3864 461 3930 Quod
478 3862 542 3920 luce
566 3863 650 3920 nobis
675 3864 782 3921 elarius
806 3864 952 3922 constabit
1005 3879 1069 3919 mas
1084 3862 1239 3930 dubitavit,
1250 3879 1306 3917 non
1319 3860 1378 3916 lors
1390 3861 1440 3916 sed
1456 3859 1555 3916 diviua
1569 3857 1752 3932 dispensacio
1762 3858 1827 3915 luit.

121 3952 169 4024 Μ,
183 3952 209 4010 si
224 3952 335 4010 domini
350 3958 379 4009 et
402 3952 557 4010 salvatoris
571 3952 662 4010 nostri
674 3953 743 4010 lesu
767 3953 875 4011 Christi
899 3970 949 4026 ap·
973 3996 978 4003 .
1005 3953 1053 4009 Sic
1068 3952 1176 4024 itaque,
1189 3951 1242 4018 sic,
1259 3967 1308 4007 rex
1323 3948 1638 4022 piissime,inseparata
1651 3948 1688 4004 ob
1698 3946 1829 4004 militum

121 4041 311 4117 paritionem,
338 4058 402 4114 que
424 4047 490 4116 post
513 4042 756 4099 resurrectionem
778 4042 951 4100 mulieribus
1005 4041 1181 4113 'paucitatem
1203 4039 1326 4096 victoria
1341 4037 1445 4095 divinae
1461 4037 1618 4095 consilium
1640 4036 1829 4110 providentie

121 4148 158 4189 ac
172 4130 326 4205 discipulis
342 4131 419 4188 lacta
432 4137 487 4201 est,
505 4132 535 4189 in
552 4133 680 4188 medium
696 4133 889 4205 proteramus.
904 4132 950 4190 Fi·

122 4221 193 4278 dem
209 4220 295 4290 Petri,
312 4220 498 4278 dilectionem
514 4221 636 4279 loannis
657 4239 747 4294 supra
761 4226 863 4295 pectus
888 4239 950 4277 ma·

121 4309 211 4384 gistri
226 4309 256 4365 in
276 4327 349 4368 cena
373 4312 580 4378 recumbentis,
596 4311 725 4368 Thomas
750 4311 873 4367 firmiter
896 4328 951 4366 no·

121 4402 219 4470 verat,
234 4415 284 4456 eos
301 4398 337 4455 ad
351 4399 518 4472 sepulcrum
535 4398 710 4466 cucurrisse,
722 4398 872 4471 nichilque
883 4416 952 4472 prae·

1006 4129 1070 4197 luit,
1086 4128 1185 4186 volens
1201 4127 1376 4185 mortalibus
1399 4127 1529 4184 indicare
1548 4143 1637 4201 quam
1661 4142 1747 4183 carus
1771 4126 1830 4182 Deo

1006 4224 1084 4275 esset
1098 4219 1149 4290 qui
1166 4219 1275 4274 orando
1286 4221 1346 4273 tam
1361 4216 1540 4272 immensum
1557 4232 1625 4273 cum
1641 4214 1830 4287 paucissimis

1004 4307 1190 4379 triumphum
1205 4307 1336 4378 optinere
1352 4304 1524 4377 promeruit.
1534 4304 1616 4358 Forte
1630 4303 1722 4370 enim,
1737 4301 1830 4357 immo

1006 4401 1094 4464 certe,
1109 4400 1137 4452 et
1149 4400 1179 4450 tu
1196 4393 1277 4467 prius
1293 4392 1461 4464 ignorabas,
1478 4408 1566 4463 quam
1583 4407 1669 4446 carus
1693 4389 1752 4446 Deo
1771 4390 1829 4445 exi·

121 4492 170 4545 ter
184 4487 357 4545 linteamina
369 4489 516 4545 invenisse
531 4486 848 4560 audierat,angclorum
864 4488 952 4544 etiam
968 4495 991 4560 Ι)
1007 4491 1117 4553 steres;
1134 4483 1212 4555 quod
1228 4485 1293 4554 post
1312 4485 1341 4536 te
1365 4495 1539 4553 cognoscere
1562 4478 1638 4546 lecit,
1656 4493 1723 4533 cum
1747 4480 1830 4533 tauta

120 4576 265 4646 visiones,
291 4578 340 4650 qui
366 4595 432 4634 eum
456 4579 551 4633 vivere
577 4580 751 4642 assererent,
779 4575 953 4634 mulieribus
1007 4574 1126 4632 victoria
1142 4569 1305 4628 honoravit.
1321 4568 1420 4624 Sancti
1435 4567 1543 4624 etenim
1558 4565 1612 4622 viri
1628 4565 1699 4638 quid
1713 4565 1831 4621 virtutis

122 4667 298 4740 apparuisse
322 4671 505 4741 cognoverat.
521 4667 578 4723 Sed
595 4670 675 4735 esto;
693 4666 765 4722 torte
780 4665 858 4721 enim
884 4683 952 4722 mu·
1006 4665 1143 4729 habeant,
1160 4657 1305 4732 etquanti
1330 4657 1360 4712 in
1391 4660 1548 4730 conspeetu
1574 4654 1665 4711 divini
1688 4653 1832 4711 examinis

123 4754 233 4813 lierum
256 4756 456 4813 infirmitatem
482 4756 681 4823 considerans,
705 4755 878 4812 mulieribus
894 4772 951 4811 non
1008 4753 1180 4818 consistant,
1206 4747 1263 4803 nisi
1289 4745 1484 4819 probaverint,
1514 4745 1666 4818 ignorant;
1690 4744 1768 4817 quod
1794 4743 1831 4800 ad

123 4845 273 4902 credebat.
290 4846 377 4915 Cedo,
394 4846 525 4918 inquam,
542 4848 643 4901 sancte
657 4844 779 4908 Thomu.
796 4844 820 4902 si
837 4845 952 4901 duobus
1007 4841 1153 4900 Abraham
1179 4837 1272 4893 filium
1299 4834 1451 4891 immolare
1471 4833 1615 4908 cupientis
1629 4833 1662 4869 ⁸¹¹
1678 4849 1713 4890 ex
1734 4832 1832 4889 verbis

123 4934 281 5008 discipulis
310 4936 345 4991 ad
373 4934 527 4992 castellum
551 4936 692 4990 limnaeus
714 4935 952 5006 properantibus,
1008 4930 1104 5004 angeli
1119 4925 1242 4984 dicentis
1253 4923 1387 4996 colligere
1402 4923 1632 4996 possumus;ait
1646 4922 1744 4979 enim:
1762 4943 1776 4972 n
1790 4921 1832 4978 Ne

124 5022 237 5095 quibus
252 5041 310 5079 non
326 5023 422 5080 solum
438 5023 585 5097 apparuit,
602 5023 652 5078 sed
667 5027 695 5078 et
710 5021 869 5095 scripturas
888 5041 953 5096 quae
1008 5020 1148 5078 extendas
1164 5031 1284 5072 manum
1300 5018 1382 5070 tuam
1397 5029 1487 5085 super
1498 5027 1732 5086 puerum,neque
1742 5008 1832 5069 incias

125 5111 164 5169 de
179 5129 211 5169 se
226 5118 309 5169 erant
323 5114 457 5186 apperuit
467 5112 605 5180 ³¹⁰,immo
616 5111 703 5168 etiam
714 5111 953 5169 secundumcon·
1008 5111 1051 5168 illi
1066 5107 1246 5183 quicquam3
1267 5120 1346 5160 nuno
1370 5101 1491 5177 cognovi
1505 5101 1583 5174 quod
1604 5099 1709 5158 timeus
1733 5100 1831 5158 Domi-

802 5280 922 5339 VARIAE
941 5279 1150 5340 theutones.

162 5407 500 5491 ”conjunjunxeratt
538 5405 790 5491 Pl'petenteutil·
829 5406 933 5490 ⁸⁰⁸·suo
947 5410 1025 5468 unde
1040 5402 1240 5487 (5.5a.)5a‘
1259 5400 1318 5455 Vita
1334 5398 1361 5454 S·
1377 5395 1491 5480 Gecardi
1501 5397 1665 5481 ‚broniensis
1679 5414 1702 5454 c.
1719 5397 1763 5454 18.
1796 5392 1832 5435 ⁸⁰⁰

124 5496 182 5537 con
199 5479 346 5536 constabit
362 5481 386 5535 l.
402 5480 507 5535 ‹tuobas
522 5480 613 5536 leucu.
651 5480 685 5513 ³¹⁰
701 5496 722 5535 ι.
737 5495 761 5534 e.
774 5483 899 5550 aperuit.
936 5481 970 5519 ⁸¹¹
996 5480 1053 5551 teqe
1077 5478 1264 5548 cupientem3
1280 5473 1443 5552 coaetaneae
1465 5470 1569 5529 scilicet
1593 5470 1651 5554 base
1670 5476 1709 5529 cat
1722 5486 1733 5527 t
1748 5468 1830 5554 Quod

123 5549 263 5627 colligere
277 5567 437 5627 possumus
452 5567 487 5613 ex
500 5550 597 5612 verbis
610 5549 841 5629 angeliacensis
857 5551 893 5611 ad
908 5551 1057 5614 Abraham
1072 5546 1238 5626 cupientem
1254 5539 1349 5601 tthutu
1361 5539 1524 5605 immolare.
1597 5598 1601 5605 .
