3876 6084
145 252 206 326 llh
625 254 852 328 messores
874 252 1120 326 vsaotsosts
1142 254 1370 325 spretores.
1793 253 1860 339 ild

143 395 197 455 nei
211 395 249 454 sd
263 392 448 454 diaconatum
464 392 500 453 ab
515 393 650 453 invasore
660 395 797 470 promoti,
821 393 874 468 qui
903 409 970 450 cum
985 391 1013 462 Α
1027 391 1222 450 dioeeesenam
1237 393 1382 466 synodum
1397 388 1637 462 convocavit.Qui
1653 394 1751 450 autem
1761 390 1854 467 hujus

143 486 342 558 terremjuris
356 484 531 560 episcopalis
545 502 598 559 per
612 489 785 559 potestatem
801 483 971 541 secularem
1025 481 1129 554 synodi
1144 483 1240 538 exitus
1268 482 1365 551 luerit,
1398 483 1486 539 refert
1513 481 1543 538 in
1573 481 1691 540 laudato
1712 483 1853 558 opusculo

144 577 265 642 teneret,
282 579 369 648 atque
383 574 523 648 diriperet
537 592 544 644 ;
558 597 573 626 u
586 574 623 632 ad
639 574 728 647 pedes
742 575 860 630 nemina
874 589 971 646 perse·
1026 587 1109 627 num.
1126 571 1153 626 6.
1170 572 1244 627 Ante
1261 572 1405 643 synodum
1421 575 1610 644 preceperat,
1627 575 1660 627 ut
1673 572 1762 628 hiduo
1786 577 1854 628 ante

145 667 253 739 quante
267 663 441 737 confugiens
461 662 578 721 Domini
605 663 802 736 imperatoris,
832 661 972 718 mentitus
1027 658 1262 732 archipresbyter
1274 665 1303 716 et
1319 659 1854 730 archidiaconuscumordinariis,seu

144 757 190 810 set
205 751 285 825 quod
300 774 315 804 a
331 751 510 826 (liutherius)
523 774 538 803 α
551 768 638 808 suum
649 751 675 807 ei
685 751 860 808 beneficium
876 750 974 806 abstu-
1026 748 1175 804 canonicis
1189 748 1376 817 cathedralis,
1393 766 1442 805 eos
1458 749 1584 822 quitum
1599 766 1633 805 ex
1648 747 1743 805 titulis
1761 750 1853 816 urbis,

145 840 240 900 lisset.
257 863 272 893 a
285 845 343 897 Cur
357 840 412 897 hoc
422 839 598 913 opusculum
607 840 763 913 alligamus
774 839 885 896 ineunti
895 854 973 896 anno
1027 836 1852 912 tumenplebibusruralibusinteressedebebantsynodo,

145 930 209 999 966,
226 947 261 987 ex
275 929 422 987 notatione
443 927 549 1002 prima,
579 945 669 1002 quam
697 929 753 1002 ipsi
782 927 972 1001 subjecimus,
1026 925 1217 994 discuterent,
1233 930 1262 983 et
1277 928 1301 982 si
1317 943 1381 999 quse
1395 931 1494 984 essent
1506 927 1688 1001 corrigenda,
1701 927 1855 1002 diligenter

146 1018 329 1092 exploratum
345 1018 405 1074 fiet.
1027 1014 1219 1087 inquirerent,
1237 1019 1271 1071 ut
1285 1015 1438 1081 dietertia,
1455 1032 1514 1088 qua
1534 1015 1607 1089 [ccx]
1630 1015 1785 1089 episcopus
1807 1035 1855 1090 sy-

181 1107 243 1164 llO.
259 1106 319 1163 lloc
333 1106 436 1163 eodem
450 1107 591 1179 tempore,
605 1121 664 1177 quo
677 1104 833 1163 Ratherius
848 1128 862 1157 a
875 1104 974 1163 male·
1027 1103 1104 1160 nodo
1119 1119 1244 1178 preesse
1267 1104 1402 1171 debebat,
1418 1105 1474 1177 ipsi
1497 1105 1682 1161 emendanda
1702 1106 1854 1164 referrent.

145 1195 279 1255 velorum
316 1193 549 1252 cavillationibus
575 1217 589 1247 a
617 1194 757 1251 acerrime
780 1193 975 1268 impetebatur
1027 1191 1183 1249 Nonsolus
1198 1192 1441 1266 archipresbyter,
1457 1209 1510 1249 nec
1525 1193 1606 1250 solus
1621 1193 1855 1262 archidiaconus,

149 1282 324 1358 opuseulum
352 1282 491 1339 ediditde
517 1283 661 1340 Attalicis
687 1282 863 1353 lloqonstoni
896 1299 974 1340 nunc
1027 1280 1078 1337 sed
1092 1296 1194 1339 omnes
1209 1280 1409 1353 canonieipres
1425 1281 1857 1340 multitudineconveuientium

147 1373 305 1444 successi,
318 1371 369 1428 ubi
384 1371 557 1447 mutationis
571 1369 601 1427 in
616 1387 681 1428 enm
696 1371 820 1427 inducte
831 1372 974 1428 rationem
1028 1368 1066 1426 ed
1080 1369 1237 1442 synodum,
1257 1375 1290 1425 ut
1305 1386 1426 1426 examen
1442 1370 1531 1426 hiduo
1547 1372 1748 1439 conficeretur,
1759 1370 1856 1444 iuqui-

148 1462 277 1537 exponit.
293 1461 359 1517 llaec
374 1458 532 1527 abbatiola,
545 1457 575 1514 in
590 1459 717 1516 confinio
733 1459 863 1517 diecesis
889 1458 977 1516 Vero·
1027 1455 1111 1514 madi
1126 1457 1256 1515 cilinium
1268 1463 1465 1531 susceperant.
1476 1458 1582 1515 Coacta
1593 1459 1704 1532 synodo
1715 1459 1760 1516 die
1771 1461 1859 1517 tertis

149 1549 260 1620 nensis,
273 1548 415 1607 Brixiane
425 1546 556 1621 proximo
570 1549 637 1617 sita,
649 1564 716 1604 cum
727 1564 781 1605 suo
805 1548 913 1621 praedio
935 1547 976 1605 its
1028 1561 1096 1603 oum
1111 1547 1267 1620 episcopus
1282 1547 1414 1605 residens
1428 1548 1639 1622 interrogasset
1662 1547 1733 1622 quid
1758 1552 1858 1605 ectum

148 1637 335 1713 dispositioni
373 1635 577 1710 episcoporum
602 1638 734 1710 subjecta
762 1641 835 1703 erat,
864 1641 898 1695 ut
924 1641 976 1694 aut
1028 1633 1143 1702 luisset,
1151 1636 1395 1707 respondilunue,
1406 1637 1493 1709 quus
1503 1637 1691 1710 potissimum
1706 1636 1857 1705 intererat,

147 1729 274 1787 obeunte
286 1726 395 1784 ibidem
410 1726 525 1794 abbate,
541 1729 593 1781 sut
607 1725 683 1782 male
694 1728 806 1782 morato
815 1730 844 1782 et
853 1726 975 1782 incorri·
1028 1737 1079 1779 eos
1094 1722 1254 1796 inquisisse
1266 1723 1302 1779 de
1316 1721 1440 1796 psalmis
1454 1723 1524 1779 etde
1532 1720 1599 1779 aliis
1609 1723 1793 1796 hujusmodi,
1810 1729 1861 1781 »et

149 1817 243 1893 gibili,
257 1813 671 1883 aliusVeronensisdioeccssis
680 1813 858 1887 abepiscopo
866 1813 977 1871 substi·
1031 1810 1090 1869 Deo
1104 1810 1214 1884 gratias
1230 1828 1288 1868 non
1303 1810 1415 1867 malum
1430 1812 1502 1868 adso
1518 1806 1673 1869 invenisse.
1690 1834 1704 1864 n
1735 1813 1774 1871 Ad
1797 1812 1859 1869 hec

139 1908 293 1974 tueretur,
307 1904 358 1977 qui
374 1902 503 1959 efficeret
518 1905 549 1957 ut
563 1901 724 1959 militantes
739 1901 770 1958 in
785 1918 820 1959 ea
834 1897 976 1960 monasti·
1031 1900 1198 1973 episeopus,
1212 1900 1262 1974 qui
1277 1898 1355 1957 mala
1372 1900 1465 1957 multa
1480 1917 1537 1957 non
1563 1900 1726 1974 ignorabat,
1752 1901 1861 1958 ironice

63 2063 72 2074 ¹
147 1992 320 2055 namvitam
350 1989 540 2047 custodirent.
566 1989 597 2046 ld
626 1993 723 2046 autern
750 2007 786 2046 ax
813 1990 977 2049 fundatoris
1031 1989 1182 2046 subdidit:
1199 2011 1213 2041 a
1229 1989 1301 2053 Ouid
1317 1989 1458 2049 haberem
1471 2005 1540 2062 ergo
1555 1990 1591 2047 ds
1603 1994 1646 2046 tot
1659 1990 1781 2062 sanctis,
1804 1989 1863 2047 nisi

152 2085 249 2139 mente
262 2096 320 2137 non
334 2080 409 2136 bene
423 2081 552 2135 cesserat
562 2079 698 2150 [cxxxrxl.
715 2077 910 2153 Hunguri,qui
923 2079 978 2136 hoc
1031 2076 1091 2135 Deo
1105 2077 1215 2151 gratias
1230 2078 1349 2134 dicere?
1364 2100 1379 2128 n
1395 2079 1429 2136 lit
1440 2083 1506 2150 post
1520 2094 1614 2151 psuea
1626 2095 1635 2136 ι
1649 2101 1662 2128 s
1679 2078 1708 2134 Si
1719 2079 1755 2135 de
1780 2077 1862 2152 psel-

151 2169 258 2231 seoulo
271 2167 386 2227 ltaliam
401 2167 581 2234 invadentes,
592 2166 736 2223 incendiis
748 2184 781 2224 sc
791 2168 980 2243 depredatio·
1031 2166 1099 2235 mis,
1115 2171 1144 2223 et
1158 2183 1216 2222 non
1232 2166 1267 2222 de
1279 2165 1336 2223 alio
1351 2167 1381 2222 in
1394 2166 1451 2224 isto
1466 2166 1577 2224 concilo
1599 2168 1684 2224 debet
1698 2183 1763 2224 esse
1790 2185 1863 2225 oon-

32 2306 35 2311 ,
151 2260 240 2318 nibus
253 2259 446 2325 vastaverant,
460 2255 592 2328 ejusdem
607 2254 732 2312 abbatias
747 2257 913 2315 coenobium
932 2258 978 2314 in·
1032 2256 1159 2330 questio,
1175 2272 1221 2312 me
1235 2256 1364 2329 primum
1379 2256 1862 2330 adesamanproducite;convinci

152 2348 320 2415 canderent,
336 2360 428 2419 eoque
443 2342 586 2417 augustia
600 2360 647 2400 res
671 2343 765 2416 ipsius
786 2345 919 2415 abbatiae,
950 2351 980 2403 et
1032 2360 1101 2401 nam
1116 2360 1248 2417 possum,
1265 2361 1312 2400 me
1327 2342 1394 2401 illos
1409 2360 1478 2414 non,
1501 2347 1533 2400 ut
1561 2347 1748 2417 competeret,
1775 2345 1860 2401 scire.

150 2441 318 2510 temporum
333 2432 722 2506 corruptelsprooessersnt,
737 2432 978 2492 utsolusibidem
1032 2433 1115 2491 Unde
1129 2433 1219 2507 igitur
1233 2433 1363 2506 synodus
1378 2438 1522 2506 ageretur,
1552 2434 1595 2489 nil
1625 2431 1753 2507 emplius
1783 2435 1861 2506 quod

151 2523 403 2591 ebbasexisteret,
433 2521 579 2593 idemque
600 2520 732 2578 moribus
757 2538 896 2596 nequem,
927 2525 978 2597 qui
1032 2522 1238 2579 emendaretur
1252 2522 1391 2578 invento?
1410 2521 1583 2579 Sciscitstus
1611 2521 1711 2594 itaque
1739 2522 1775 2579 de
1804 2524 1862 2580 fide

151 2614 269 2690 publico
284 2628 352 2670 cum
368 2609 506 2668 scandalo
515 2625 632 2666 uxorem
650 2614 679 2666 et
690 2608 766 2666 filios
777 2610 883 2669 alebat.
895 2611 979 2670 Hune
1033 2610 1162 2681 illorum,
1178 2610 1275 2667 inveni
1291 2610 1434 2684 plurimos
1449 2627 1503 2667 nec
1517 2610 1616 2684 ipsum
1632 2627 1733 2683 sapere
1744 2613 1861 2686 symbo-

151 2703 307 2761 llstherius
320 2701 357 2757 sd
371 2697 605 2757 emendationem
620 2714 754 2754 revocare
768 2699 882 2756 studuit
896 2717 903 2769 ;
926 2703 977 2759 sed
1032 2699 1105 2768 lum,
1122 2701 1199 2774 quod
1215 2700 1306 2756 luisse
1320 2699 1451 2757 ereditur
1469 2699 1681 2772 apostolorum,
1707 2701 1766 2756 llac
1777 2687 1862 2758 occa-

152 2792 271 2849 lrustre.
288 2790 345 2846 'l'er
357 2787 435 2844 enim
452 2786 521 2859 iuga
536 2785 726 2853 sesuhduxit,
749 2803 783 2842 sc
809 2803 861 2860 per
888 2788 977 2845 inter·
1032 2789 1116 2844 sione
1131 2788 1304 2862 synodicam
1320 2787 1593 2861 seribereomnibus
1603 2789 1782 2861 presbyteris
1794 2805 1860 2845 sum

70 2875 73 2880 ’
151 2880 271 2938 nuntios
285 2876 383 2935 oblate
400 2875 537 2948 episcopo
562 2878 698 2946 pecunta,
728 2890 790 2930 rem
817 2891 885 2932 cum
913 2877 978 2949 ipso
1032 2876 1202 2949 conpulsus.
1221 2898 1235 2926 υ
1251 2875 1331 2932 Hanc
1346 2877 1491 2948 synodum
1507 2898 1521 2927 «
1539 2875 1863 2953 medianteQuadrnge·

151 2983 325 3042 componere
340 2964 424 3022 nisus
440 2965 494 3020 est.
510 2962 667 3019 Exhorruit
681 2963 837 3020 liethertus
861 2967 978 3023 tantum
1032 2965 1108 3023 sima
1124 2987 1138 3015 »
1150 2958 1295 3033 habitam,
1308 2968 1336 3020 et
1349 2964 1379 3019 in
1389 2980 1423 3021 ea
1436 2965 1612 3037 synodicam
1620 2964 1861 3025 editamindicet:

151 3056 268 3126 seelus;
284 3050 547 3125 hesitaliquendiu
562 3050 749 3124 quidegaret.
765 3052 817 3108 «Si
828 3053 976 3128 enimago,
1034 3055 1111 3128 quod
1126 3052 1351 3126 intelligendum
1367 3055 1402 3109 de
1418 3053 1515 3110 media
1536 3053 1767 3127 Quadrngesima
1791 3055 1862 3111 anni

152 3145 259 3218 inquit,
287 3138 558 3217 possessiunculam
582 3138 633 3195 Dei
665 3139 804 3196 Genitrioi
842 3141 977 3199 collatam
994 3126 1015 3195 C
1033 3143 1131 3199 eoois
1146 3141 1401 3199 Admonitionead
1431 3142 1527 3215 ipsam
1554 3143 1727 3216 synodicam
1751 3145 1861 3216 proba·

153 3231 358 3305 meliusquasi
374 3225 598 3303 dispensaturus
632 3227 704 3284 mihi
733 3230 899 3300 retinerem,
930 3237 981 3288 aut
1033 3230 1140 3290 vimus.

154 3336 287 3381 meorum
303 3318 390 3379 alicui
408 3318 519 3386 darem,
535 3331 572 3374 ne
587 3332 773 3375 sucessorum
782 3316 890 3391 aliquis
900 3335 980 3378 meo·
1071 3321 1131 3378 lte.
1144 3321 1209 3377 llaec
1221 3319 1358 3393 Synodion
1381 3321 1507 3376 maxime
1536 3319 1652 3394 insigne
1680 3324 1725 3376 est
1754 3320 1861 3377 decimi

154 3429 221 3469 rum
237 3426 302 3467 meo
318 3406 454 3466 similiter
468 3405 577 3463 iaciens
591 3405 734 3479 exemplo,
764 3404 979 3480 eleemosynam
1034 3409 1132 3467 seculi
1145 3410 1366 3479 documentum,
1381 3426 1416 3465 ex
1431 3426 1489 3482 quo
1506 3408 1696 3482 disciplinam
1725 3410 1861 3482 ejusdem

152 3500 271 3558 illorum
286 3499 430 3556 bonorum
446 3495 619 3562 destrueret,
635 3511 692 3551 non
713 3494 787 3550 nihil
815 3497 976 3553 verebar.»
1032 3499 1174 3571 temporis
1189 3497 1377 3571 potissimum
1387 3497 1736 3571 agnoscimuslnscripta
1746 3504 1862 3555 estom-

143 3586 224 3647 'Cum
239 3591 338 3645 eutem
352 3599 506 3658 perreriam
520 3587 550 3639 et
563 3579 683 3639 dillicile
697 3586 775 3639 esset
789 3599 823 3640 eo
849 3591 978 3658 tempore
1032 3588 1121 3646 nibus
1135 3586 1312 3661 presbyteris
1323 3584 1684 3659 etcetcrisordinibusper
1693 3587 1861 3646 universam

152 3675 313 3735 monachos
319 3671 605 3748 propositumexaote
611 3670 799 3728 observantes
807 3672 977 3747 subrogare,
1032 3676 1181 3733 dioeeesim
1196 3675 1373 3732 constitutis.
1388 3677 1444 3731 Tar
1456 3691 1505 3731 eos
1521 3675 1557 3731 ad
1572 3662 1693 3730 eramen
1707 3674 1737 3730 in
1749 3677 1861 3749 synodo

150 3769 210 3823 tros
226 3763 409 3838 presbyteros
423 3776 491 3818 cum
503 3758 636 3827 diacono,
653 3759 844 3827 subdiacono,
866 3765 895 3817 et
922 3760 978 3817 ali·
1031 3771 1201 3823 vocaverat:
1218 3769 1247 3821 et
1261 3781 1328 3821 oum
1344 3766 1380 3820 ob
1396 3762 1557 3821 multarum
1573 3781 1671 3821 rerum
1695 3764 1809 3837 copiam
1826 3783 1860 3823 ao

150 3855 223 3926 quot
236 3849 349 3907 clericis
361 3848 392 3904 in
407 3847 509 3905 eadem
524 3845 641 3902 abbatia
649 3844 811 3914 collocavit,
822 3849 873 3920 qui
885 3848 977 3905 sacris
1030 3855 1177 3926 potiorum
1193 3854 1324 3926 capitum
1339 3852 1551 3926 ignorationem
1558 3851 1633 3908 nibil
1643 3853 1702 3909 lere
1714 3844 1860 3926 potuisset

139 3938 412 4012 ,officiisvacerent
427 3936 517 3992 Suam
533 3933 977 4006 cuiquetexavitportionem,et
1029 3941 1126 3999 verbis
1154 3943 1307 4009 conficere,
1337 3940 1392 3997 hac
1420 3940 1552 4014 synodali
1582 3939 1705 4012 epistula
1740 3934 1860 4015 seriptis

148 4026 307 4087 declaravit
320 4024 426 4081 officia.
455 4022 553 4080 Alium
583 4022 784 4096 presbyterum
813 4022 975 4096 graviorem
1029 4029 1148 4103 vulgata
1162 4029 1374 4103 providendum
1389 4029 1522 4085 credidit.
1540 4029 1577 4086 Ut
1589 4029 1755 4085 mederetur
1775 4018 1858 4103 igno·

147 4204 300 4265 tributioni
315 4202 493 4278 presideret.
510 4200 574 4258 Alia
589 4199 731 4258 nonnulla
752 4201 972 4272 desideraniur;
1030 4207 1177 4264 memorie
1194 4207 1361 4263 mandanda
1376 4207 1524 4280 praecepit,
1536 4207 1565 4263 id
1580 4212 1626 4263 est
1639 4207 1793 4279 apostolum
1804 4224 1857 4264 scu

147 4309 216 4355 nam
232 4291 406 4369 opusculum
420 4292 479 4347 line
494 4294 582 4347 caret.
1027 4296 1200 4352 collationem
1213 4297 1406 4368 apostolorum,
1427 4318 1441 4346 u
1466 4297 1544 4352 sicut
1570 4295 1600 4352 in
1622 4294 1768 4368 spelteriis
1792 4285 1857 4353 cor-

182 4385 244 4442 lll.
262 4384 336 4441 Cum
350 4382 455 4454 (itiner.
472 4397 555 4437 num.
571 4378 599 4451 5)
612 4378 660 4435 bis
674 4378 704 4434 in
720 4394 796 4435 anno
820 4379 973 4453 episcopos
1028 4383 1116 4441 rectis
1130 4384 1286 4452 invenitur,
1304 4406 1319 4434 »
1335 4384 1406 4440 illud
1419 4385 1496 4457 quod
1512 4385 1542 4440 in
1558 4388 1652 4441 mtssa
1672 4385 1797 4452 canitur,
1828 4390 1857 4442 et

134 4474 292 4548 synodum
307 4473 415 4530 hahere
430 4468 505 4528 seori
520 4483 647 4527 canones
659 4467 793 4540 jubeant,
805 4467 834 4525 id
856 4471 974 4542 exsequi
989 4494 1014 4562 D
1029 4471 1102 4528 illud
1118 4473 1196 4545 quod
1211 4476 1240 4529 S.
1256 4472 1408 4530 Athanasii
1424 4472 1542 4530 nomine
1557 4472 1771 4542 circumfertur,
1793 4490 1856 4529 mo-

144 4577 204 4621 non
219 4559 455 4635 praetermisisset
467 4556 634 4625 listherius,
651 4555 676 4612 si
696 4556 768 4628 quid
795 4555 825 4612 in
854 4559 974 4631 synodis
1028 4561 1365 4634 nuitqueneminemad
1390 4561 1584 4619 sacerdotium
1612 4562 1855 4634 promovendum,

144 4649 257 4708 utiliter
269 4665 353 4724 egere
369 4664 400 4705 se
415 4665 502 4720 posse
513 4646 696 4703 credidisset.
713 4645 843 4702 Verum«
857 4647 970 4713 scitis»
1025 4651 1118 4707 autin
1134 4649 1710 4724 sacerdotiopermansurnmmisieadcm
1722 4649 1857 4722 symbola

143 4737 448 4813 inquitinltincrario
462 4736 581 4793 adsuos
608 4734 741 4802 clericos,
771 4757 786 4786 a
816 4734 898 4793 scitis
924 4752 971 4793 me
1025 4738 1197 4797 nremorism
1210 4742 1332 4808 teneret,
1348 4756 1416 4796 cum
1431 4739 1586 4812 «proxime
1602 4760 1615 4790 a
1630 4726 1857 4811 edexnmenvo-

129 4837 259 4900 'semper
272 4826 328 4883 hoo
342 4821 666 4899 agereideodIstulisse,
683 4823 760 4896 quod
772 4823 900 4881 dicerem
912 4841 969 4893 me,
1025 4828 1140 4885 cabitur
1154 4828 1261 4902 (lettres.
1277 4845 1360 4885 num.
1373 4828 1412 4901 7):
1429 4827 1549 4885 Vocavit
1561 4830 1730 4899 autempnst
1740 4824 1857 4899 aliquot

129 4912 221 4970 undo
239 4911 383 4986 synodare
412 4909 559 4982 deberem,
590 4910 709 4966 omniuo
738 4910 860 4968 nescire.
891 4910 971 4970 Solet
1025 4934 1152 4986 menses,
1168 4933 1235 4973 cum
1253 4917 1306 4975 hoc
1320 4918 1422 4975 eodem
1432 4918 1683 4975 annollomnnum
1695 4915 1751 4971 iter
1761 4916 1855 4971 medi·

140 5000 220 5059 onim
235 5001 265 5058 iu
281 4999 411 5074 synodis,
427 4998 536 5072 siquid
554 5002 655 5055 »cntra
670 5015 797 5056 canones
808 5003 970 5075 actumeet,
1025 5010 1154 5074 teretur;
1169 5022 1203 5061 ac
1229 5010 1382 5079 propterea
1408 5005 1608 5062 inobedientes
1639 5002 1748 5059 inventi
1770 5007 1855 5060 lanto

140 5089 302 5147 emendari.
318 5089 373 5146 Sed
387 5088 413 5146 si
428 5087 483 5145 hoc
498 5103 583 5161 agere
598 5087 799 5157 tentavissem,
820 5089 969 5157 omnihus,
1025 5098 1105 5152 metu
1120 5111 1275 5168 poenarum
1300 5094 1419 5151 luerunt
1447 5092 1585 5167 perculsi,
1609 5098 1643 5148 ut
1669 5107 1726 5146 uon
1756 5079 1854 5149 solum

123 5194 205 5253 que
218 5179 248 5236 in
263 5177 426 5236 canonibus
441 5179 511 5235 sunt
525 5175 645 5250 scripta,
662 5177 814 5249 regyratis,
826 5178 862 5233 de
886 5177 968 5235 nullo
1023 5183 1213 5256 promiserint
1228 5199 1260 5240 se
1278 5183 1417 5256 deinceps
1445 5181 1544 5238 omnia
1567 5197 1632 5254 que
1659 5179 1855 5254 imperaverat

138 5282 419 5326 sorumvoseurare
439 5266 567 5322 viderem
596 5264 775 5322 omnimodo.
806 5288 821 5315 »
846 5265 966 5340 Aliquot
1022 5273 1216 5346 praestituros,
1232 5270 1533 5345 verum[cxsr]etinm
1549 5270 1662 5339 multe,
1677 5273 1710 5326 ut
1724 5269 1851 5339 videtur,

137 5356 240 5414 subdit
253 5355 395 5428 exempla,
411 5372 475 5427 que
490 5354 632 5427 temporis
646 5354 819 5427 pravitatem
840 5370 874 5410 ao
900 5371 968 5428 per·
1022 5361 1141 5418 nomine
1157 5361 1194 5419 nd
1210 5359 1281 5417 illue
1296 5359 1534 5433 itercarpendum
1546 5376 1632 5433 opem
1643 5357 1766 5433 polliciti
1777 5359 1850 5415 sint.

136 5444 303 5502 versitatum
319 5442 478 5500 declarant·
494 5441 530 5499 Ul
544 5447 642 5500 aulem
657 5441 890 5515 experimentum
912 5440 967 5498 oli·
1021 5449 1193 5507 Utilissimis
1208 5466 1294 5522 porra
1307 5447 1544 5506 institutionibus
1558 5455 1619 5506 totu
1639 5445 1783 5523 Synodion
1810 5464 1854 5504 re-

137 5534 216 5608 q¹10d
230 5533 346 5601 Γᾶθθῐθῑ,
363 5531 417 5590 l10⁰
432 5531 577 5598 81)ῦο966,
593 5531 826 5605 Quadrogesimoe
835 5532 965 5604 tompore
1020 5539 1094 5596 lerta
1108 5544 1162 5598 est.
1181 5539 1221 5597 De
1233 5537 1464 5599 sanctificatione
1479 5538 1526 5598 dei
1542 5539 1697 5600 Dominioae
1713 5539 1743 5594 et
1761 5536 1850 5595 lesto-
