3892 6090
112 263 173 326 869
584 268 896 332 ΑΝΤΑΡΟΒΟΒΕΟΒ
919 264 1034 330 alnei·
1047 269 1135 332 SEX.
1150 272 1278 335 -ΠΒ,
1299 271 1352 334 lv.
1760 275 1820 338 870

113 395 309 470 temptavit,si
326 396 455 470 premiis
470 397 618 472 aliquibus
631 399 660 457 id
675 405 774 474 posset
788 401 941 474 adquirere
955 402 984 469 Α
997 406 1114 460 suetum
1131 420 1243 461 morem
1256 404 1821 479 penembenedixit,lregit,ecdedit,non

113 485 231 559 sibique
248 485 388 543 advorsus
402 486 533 544 visibiles
549 492 637 561 etque
658 489 819 548 invisibiles
843 490 942 548 hostes
997 493 1244 561 credis;omnibus
1259 498 1356 550 tamen
1373 493 1593 568 condiscipulis,
1606 493 1822 566 quibusjenuis

114 591 199 632 erma
213 573 408 632 invictissima
423 575 665 651 triumphumque
681 584 853 652 perpetuum
870 597 942 653 prae·
997 580 1106 639 eleusis
1132 584 1278 656 apparuit,
1302 584 1373 656 quid
1398 584 1486 640 fidem
1514 600 1571 639 non
1596 581 1736 641 adhibere
1758 600 1824 640 con·

115 665 316 740 parare.Quod
333 681 399 720 cum
416 682 466 721 rex
481 666 625 723 ltodulius
648 668 744 725 modis
759 669 897 726 omnibus
912 686 943 725 se
997 671 1117 728 tendis?
1130 672 1339 740 Meministine,
1365 671 1497 746 inquam,
1514 673 1640 728 eundem
1664 671 1823 728 Dominum

116 771 281 827 numquam
308 753 361 809 hoo
385 759 520 811 acturum
541 756 680 829 ediceret,
705 774 755 814 rex
778 758 942 826 Heinrieus,
997 764 1026 816 et
1041 765 1247 833 preceptorem
1262 765 1359 829 tuum,
1376 761 1422 817 eui
1447 766 1475 817 te
1490 761 1731 817 commoriturum
1756 777 1822 834 pro·

115 845 188 918 quie
210 841 324 898 mollire
349 841 427 899 hunc
452 843 625 903 muneribus
649 863 707 902 non
729 848 833 919 potuit,
855 847 944 903 minis
998 847 1148 916 mittebas,
1169 854 1236 907 ente
1252 850 1418 922 passionem
1443 849 1616 906 haecomnia
1630 848 1824 922 predixisset

114 935 225 987 terrere
241 945 418 1003 magnopere
436 931 558 987 curavit.
575 932 667 990 Omne
691 935 800 1008 qnippe
820 952 942 1008 regnum
997 937 1044 993 hit
1057 954 1184 1010 namque
1200 956 1206 994 :
1221 962 1235 988 «
1253 939 1322 994 Ecce
1337 937 1530 995 escendimus
1542 937 1780 1009 lherosolimam,
1795 940 1824 995 et

116 1020 181 1093 ejus
196 1019 266 1076 cede
290 1022 378 1090 atque
401 1018 546 1077 incendiis
566 1038 597 1078 se
619 1022 865 1097 depopulaturum
877 1041 941 1082 esse
998 1028 1284 1085 consummabuntur
1298 1027 1398 1082 ornnie
1409 1045 1473 1099 quae
1489 1025 1598 1098 scripte
1611 1030 1680 1084 sunt
1696 1043 1824 1099 perpre-

116 1105 261 1180 promisit.
279 1105 352 1172 Quia
366 1123 432 1162 vero
454 1108 532 1179 quod
557 1110 711 1183 petebatur
737 1129 846 1169 munus
871 1117 943 1182 crat,
998 1115 1103 1187 phetas
1118 1116 1154 1172 de
1169 1115 1228 1171 lilio
1252 1115 1391 1172 hominis.
1410 1115 1553 1171 Tradetur
1575 1115 1653 1171 enim
1675 1115 1823 1189 gentibus,

118 1211 177 1267 quo
193 1193 361 1251 celestibus
376 1199 455 1252 terre
467 1196 544 1254 Deus
559 1199 749 1270 conjunxerat
762 1201 945 1275 ³⁰⁶,lepissci-
999 1207 1027 1259 et
1054 1202 1204 1273 illudetur,
1233 1209 1263 1260 et
1292 1203 1496 1278 flagellabitur,
1523 1209 1552 1260 et
1580 1209 1771 1277 conspuetur,
1795 1210 1824 1262 et

117 1283 186 1340 licet
200 1281 349 1356 angularis
366 1285 476 1341 inciens
491 1291 617 1359 utreque
633 1291 858 1357 unum‚llodnlti
869 1290 945 1363 regis
1000 1296 1155 1365 postquam
1171 1293 1389 1367 flagellaverint,
1406 1295 1540 1351 occident
1553 1310 1632 1362 eum,
1649 1299 1678 1350 et
1696 1293 1744 1352 die
1764 1298 1823 1352 ter·

120 1371 330 1439 coromollivit,
343 1373 483 1447 justoque
499 1375 561 1449 regi
581 1376 665 1448 justa
685 1379 767 1449 juste
790 1379 900 1453 petenti
912 1381 945 1415 ³⁰⁷
1000 1380 1046 1435 cie
1073 1388 1205 1454 resurget
1236 1385 1311 1454 (lau.
1340 1401 1419 1448 xvm,
1453 1384 1510 1455 31).
1544 1384 1601 1440 Cur
1627 1382 1727 1456 itaque
1755 1399 1823 1440 oum

121 1462 255 1519 cominus
270 1462 504 1535 tradidit.Neque
519 1465 597 1522 enim
613 1484 683 1539 pace
698 1468 947 1541 prasentesimul-
1000 1470 1195 1527 resurrexisse
1210 1472 1339 1537 dubites,
1357 1489 1424 1526 cum
1445 1472 1583 1543 gentibus
1605 1473 1760 1541 traditum,
1775 1473 1825 1529 lla-

119 1551 173 1605 tati
189 1549 270 1607 locus
285 1555 355 1607 eret.
370 1551 444 1609 Nem
459 1557 487 1608 et
503 1569 548 1625 eo,
565 1555 614 1626 qui
631 1554 678 1612 his
693 1558 850 1613 erucitixus
864 1562 947 1624 este
1001 1557 1152 1630 geliatum,
1175 1564 1363 1633 consputum,
1380 1561 1563 1627 crucitixum,
1588 1560 1666 1617 sicut
1686 1562 1825 1633 praedixe-

118 1637 212 1694 Pilato
228 1639 263 1694 ed
280 1639 423 1695 Herodem
443 1647 627 1713 properante,
646 1644 712 1699 lacti
728 1650 798 1700 sunt
813 1646 898 1701 amici
915 1647 945 1701 in
1001 1652 1056 1714 rat,
1077 1648 1201 1704 videas?
1224 1649 1307 1704 Haud
1330 1649 1367 1704 ab
1388 1666 1418 1705 re
1441 1653 1495 1716 est,
1518 1649 1597 1720 quod
1623 1649 1716 1706 Deum
1740 1654 1825 1706 tuum
1905 1668 1908 1674 ·

118 1724 169 1781 ille
184 1727 242 1794 die,
259 1727 310 1799 qui
325 1729 409 1801 prius
424 1727 536 1784 inimici
548 1734 630 1785 erant
644 1732 680 1786 ad
695 1731 945 1800 invicem.Quento
959 1768 985 1833 B
1001 1736 1138 1792 menibus
1154 1737 1280 1809 propriis
1301 1742 1425 1792 tractare
1440 1738 1603 1794 contendis.
1619 1738 1684 1811 Ipse
1697 1754 1826 1810 namque

117 1819 217 1871 autom
232 1832 330 1871 amore
346 1833 396 1872 rex
411 1817 564 1874 heinricus
580 1820 731 1890 prefatum
749 1821 946 1879 inestimabile
1001 1840 1050 1879 rex
1062 1829 1171 1892 noster,
1189 1825 1322 1897 quiante
1343 1825 1450 1881 saecule
1473 1830 1611 1898 operatus
1632 1832 1676 1884 est
1699 1826 1825 1883 salutem

119 1904 230 1960 donum
250 1906 403 1976 acceperit,
421 1922 488 1961 cum
505 1907 536 1962 in
558 1908 706 1965 nonnullis
721 1910 820 1979 rebus,
836 1915 900 1967 tum
916 1913 944 1966 in
999 1912 1029 1967 in
1046 1913 1142 1968 medie
1158 1918 1240 1969 terrm
1256 1915 1341 1985 (Psoi.
1363 1930 1460 1978 nxxrn,
1479 1915 1533 1986 12),
1549 1915 1600 1986 qni
1625 1914 1705 1971 novit
1726 1915 1826 1971 omnia

121 1993 177 2049 hoc
192 1994 354 2067 presertim
370 1994 485 2061 claruit,
501 1997 577 2069 quod
594 2014 650 2052 non
666 1996 763 2054 solum
779 2016 812 2056 eo
826 2001 944 2057 dantem
1000 2005 1157 2073 antequem
1172 2001 1253 2068 tiaut,
1272 2000 1382 2057 neultos
1395 2001 1566 2075 previderat
1582 2002 1636 2058 hec
1652 2019 1748 2060 errore
1763 2021 1826 2076 per-

120 2099 152 2140 se
167 2082 231 2139 auri
247 2084 419 2157 argentique
434 2086 619 2156 niuneribns,
635 2104 735 2143 verum
760 2089 847 2145 etiem
871 2091 945 2146 Suo·
999 2088 1102 2157 tauros,
1130 2093 1163 2144 ut
1187 2095 1241 2156 ost,
1268 2090 1435 2146 misericors
1464 2095 1493 2146 et
1518 2090 1671 2148 clemens:
1697 2113 1711 2142 «
1736 2092 1822 2162 luter,

120 2189 223 2229 vorum
239 2173 386 2246 provincie
400 2178 482 2247 parte
497 2192 553 2231 non
570 2176 946 2236 minimahonoravitnnus
1001 2177 1051 2245 eit,
1068 2177 1190 2250 dignum
1206 2177 1275 2246 huc,
1291 2184 1319 2233 ct
1343 2178 1426 2234 mitte
1450 2196 1570 2234 manum
1595 2185 1676 2234 tuem
1701 2181 1731 2235 in
1746 2179 1825 2238 latus

120 2262 284 2335 eutem,qui
301 2280 359 2335 quo
375 2264 502 2336 quisque
517 2266 588 2337 quid
605 2265 703 2322 animo
719 2269 946 2341 peragatintuc·
1001 2282 1110 2334 meum,
1127 2270 1156 2321 et
1177 2267 1236 2322 noli
1262 2284 1326 2323 esse
1350 2266 1529 2334 incredulus,
1551 2268 1601 2323 sed
1625 2267 1720 2324 fidelis
1735 2268 1823 2339 (toan.

121 2355 181 2418 tur,
196 2369 255 2407 non
271 2353 404 2409 muneris
419 2354 592 2426 quantitatis
612 2356 662 2411 sed
686 2356 769 2411 berrae
788 2357 947 2415 voluntatis
1000 2371 1047 2420 xx,
1062 2354 1119 2424 27).
1147 2376 1160 2402 r
1178 2363 1278 2422 Ἐξιύδα
1292 2363 1329 2424 δὲ,
1344 2366 1412 2425 (tent
1427 2364 1488 2425 ἅγιε,
1513 2355 1626 2410 exauda
1649 2355 1685 2411 dc
1712 2355 1827 2412 Thomu

120 2438 317 2514 inspectores
333 2441 501 2511 retributor,
519 2448 629 2515 quante
643 2445 679 2501 ob
695 2444 874 2516 praelibatam
885 2463 947 2502 rem
1002 2442 1075 2515 agie,
1092 2442 1172 2514 quod
1187 2447 1232 2498 est
1248 2461 1254 2498 ε
1270 2445 1408 2499 contitere
1423 2446 1522 2498 autem
1543 2442 1657 2498 Thema
1671 2448 1781 2513 sancte,
1797 2449 1827 2500 et

122 2529 257 2587 mercede
269 2534 377 2586 aterno
393 2531 423 2586 ie
439 2530 544 2587 seculo
567 2532 649 2605 pium
664 2533 814 2589 donaverit
839 2550 946 2606 regem,
1001 2535 1052 2587 tna
1067 2532 1217 2588 dubietate
1232 2549 1318 2588 omno
1334 2535 1467 2587 nostrum
1479 2529 1599 2586 exclude
1609 2530 1824 2603 amphibolum.

120 2617 241 2674 indiciis
256 2618 436 2690 quibusdem
451 2619 505 2674 hoc
520 2620 608 2675 etiam
624 2620 652 2675 in
669 2625 799 2694 tempore
809 2622 947 2695 prodidit,
1001 2622 1143 2687 Dominae,
1158 2619 1265 2692 inquit,
1281 2637 1358 2677 enerve
1372 2628 1398 2676 et
1416 2621 1484 2676 Deus
1504 2635 1591 2677 ooeae.
1607 2619 1629 2676 Ο
1652 2620 1825 2694 ambiguum

121 2708 194 2764 dum
206 2711 307 2764 eontra
320 2722 352 2763 se
367 2708 554 2781 insurgentes
568 2709 623 2765 boe
639 2709 802 2768 victorifero
817 2728 948 2784 praeun·
1002 2710 1082 2765 omni
1097 2708 1184 2767 leude
1205 2707 1432 2783 dignissimum!
1449 2709 1471 2766 0
1487 2709 1610 2765 dubium
1635 2708 1748 2767 eunetis
1772 2727 1825 2767 se-

120 2800 151 2853 te
176 2797 260 2869 signo
284 2812 401 2870 semper
421 2796 521 2853 hostes
534 2798 637 2853 terruit
652 2803 738 2872 atque
754 2800 873 2873 fugavit.
889 2802 948 2857 Hae
1002 2797 1077 2854 culis
1092 2798 1326 2872 predicandum!
1344 2798 1374 2854 Si
1390 2801 1421 2853 tu
1437 2815 1495 2853 non
1520 2798 1681 2869 dubitares,
1698 2816 1756 2856 non
1772 2814 1825 2873 ego

120 2883 214 2958 igitur
228 2885 389 2952 occasione,
405 2884 496 2941 immo
511 2885 560 2942 Dei
577 2886 734 2959 voluntate,
751 2894 883 2945 sanctam
900 2907 948 2946 rex
1002 2891 1062 2942 tem
1077 2886 1200 2943 tirmiter
1213 2886 1404 2944 crederem.Si
1422 2886 1579 2943 mulierum
1595 2889 1788 2958 credentium,
1800 2890 1826 2946 si

121 2973 277 3030 Heinrieus
293 2973 464 3046 rompheam
480 2976 603 3049 adeptus
618 2981 680 3045 est;
696 2995 785 3050 quam
807 2978 867 3035 tilio
882 2995 946 3048 suo,
1002 2975 1516 3047 condiscipulorumtidemhereticis,
1527 2976 1641 3049 quinon
1653 2995 1825 3053 verocorpo·

121 3064 159 3120 de
169 3062 269 3136 (ῃιοωε
282 3063 535 3136 inpresentiarum
551 3066 635 3122 nobis
648 3083 744 3123 sermo
752 3069 947 3125 estdeeedens
1002 3063 1193 3120 redomiuum
1203 3069 1336 3120 nostrum
1354 3064 1455 3120 lesum
1469 3063 1619 3120 Christum
1633 3065 1827 3124 resurrexisse

121 3169 192 3209 cum
206 3168 294 3225 regno
310 3151 399 3209 simut
414 3153 589 3210 hereditario
602 3154 758 3228 dereliquit
768 3157 821 3221 Qui
837 3131 983 3228 quantaC
1002 3152 1159 3220 latrabant,
1176 3153 1350 3219 diceremus,
1368 3152 1462 3208 multa
1472 3151 1557 3207 nobis
1576 3157 1750 3225 argumente
1764 3153 1826 3211 die·

121 3243 234 3299 donum
250 3241 446 3299 inestimabile
471 3245 653 3300 veneratione
677 3244 809 3313 coluerit,
825 3247 948 3303 victoria
1001 3240 1095 3298 bolica
1109 3241 1265 3297 calliditate
1280 3244 1469 3313 opponerent.
1486 3239 1542 3296 Sed
1558 3257 1626 3296 eum
1641 3236 1826 3299 dubitantem

122 3347 182 3388 non
197 3330 292 3387 solum
308 3330 417 3387 iudicat
441 3347 579 3404 praesens,
597 3350 697 3387 verum
720 3333 897 3401 divinorum,
915 3339 948 3390 ut
1001 3330 1144 3385 Thomem
1158 3345 1264 3401 eorpus
1279 3332 1432 3396 tractasse,
1447 3327 1603 3384 vulnerum
1620 3328 1771 3385 cicatrices
1784 3334 1826 3385 te·

121 3419 266 3493 promturi
283 3436 397 3488 sumus,
411 3420 583 3476 admiranda
593 3419 709 3491 largitio
726 3421 948 3478 munerumllis
1002 3419 1115 3492 tigisse,
1131 3435 1164 3474 ae
1180 3435 1246 3472 mox
1265 3417 1450 3473 dubitacione
1472 3422 1585 3474 remota
1607 3421 1697 3472 Deum
1719 3420 1748 3472 et
1770 3415 1826 3471 De-

121 3508 223 3582 iteque
247 3508 408 3582 perterritis
436 3512 523 3581 atque
553 3509 670 3583 iugatis,
696 3525 746 3564 rex
771 3510 865 3576 rediit,
889 3527 948 3566 non
1003 3507 1118 3563 minum
1133 3505 1312 3562 exclamasse
1327 3505 1460 3574 audiunt,
1476 3505 1527 3577 qui
1540 3505 1622 3576 prius
1642 3508 1726 3560 erant
1750 3503 1826 3559 mul·

120 3600 238 3655 tentum
252 3597 288 3654 de
304 3597 402 3653 divina
417 3596 605 3653 miseratione
620 3598 804 3671 magnificus.
1002 3595 1102 3662 tisoni,
1119 3611 1187 3650 mox
1204 3597 1237 3648 ut
1260 3593 1355 3665 pisces
1370 3592 1506 3649 videntur
1520 3592 1637 3660 insoni3
1654 3607 1828 3665 cognoscen-

155 3688 203 3742 25.
225 3686 307 3743 Libet
332 3691 430 3743 autem
454 3685 608 3759 paululum
637 3685 799 3755 immorari,
819 3691 848 3743 et
870 3687 949 3760 quod
1002 3688 1047 3740 tes
1071 3683 1141 3756 quia
1169 3687 1195 3739 et
1216 3699 1284 3738 vere
1307 3697 1374 3739 caro
1397 3685 1451 3751 est,
1482 3698 1545 3754 que
1575 3681 1692 3739 tractari
1721 3680 1826 3754 potuit,

121 3793 182 3833 non
206 3775 328 3831 fortuitu
353 3776 404 3833 scd
429 3776 487 3832 Deo
513 3776 685 3848 disponente
705 3776 765 3832 hec
779 3777 821 3833 ita
836 3776 948 3832 accido·
1003 3778 1032 3831 et
1046 3773 1135 3839 Deus,
1151 3771 1201 3845 qui
1216 3771 1323 3829 eleusis
1334 3771 1438 3842 januis
1453 3770 1580 3828 intravit.
1595 3772 1630 3827 Et
1653 3770 1731 3844 quod
1750 3769 1828 3827 Tho·

120 3864 193 3933 rint,
209 3881 356 3921 enarrare.
380 3865 459 3931 Quod
476 3863 540 3921 luce
565 3863 649 3921 nobis
673 3865 781 3921 clarius
805 3864 950 3922 constabit
1003 3879 1067 3919 mas
1083 3861 1237 3930 dubitavit,
1248 3878 1306 3917 non
1317 3860 1377 3916 sors
1389 3860 1439 3916 sed
1454 3860 1554 3918 divine
1567 3859 1751 3934 dispensacio
1761 3858 1826 3916 luit.

119 3954 168 4025 Μ,
182 3952 208 4010 si
223 3953 334 4010 domini
349 3959 378 4010 et
401 3954 555 4011 salvatoris
569 3953 661 4010 nostri
673 3953 742 4011 iesu
766 3953 873 4011 Christi
898 3971 947 4026 ap·
971 3997 976 4003 .
1003 3952 1051 4009 Sic
1066 3953 1175 4024 itaque,
1188 3950 1240 4017 sic,
1257 3966 1308 4007 rex
1322 3949 1636 4022 piissime,insepareta
1650 3949 1687 4005 ob
1697 3947 1827 4006 militum

120 4042 310 4117 paritionem,
337 4060 401 4115 que
422 4047 488 4116 post
511 4043 755 4100 resurrectionem
776 4042 949 4100 mulieribus
1003 4040 1180 4114 paucitatem
1202 4039 1325 4096 victoria
1340 4037 1443 4095 divina
1459 4038 1616 4097 consilinm
1639 4037 1828 4112 providentie

120 4148 157 4189 ec
171 4132 325 4206 discipulis
340 4132 417 4189 iacta
431 4137 485 4201 est,
503 4133 533 4188 in
549 4133 679 4189 medium
694 4133 888 4206 proferamus.
902 4132 948 4190 Fi·
1003 4129 1068 4198 luit,
1084 4130 1184 4187 volens
1198 4128 1375 4186 mortalibus
1397 4128 1527 4186 indicere
1546 4144 1636 4202 quem
1659 4144 1745 4185 carus
1770 4127 1828 4183 Deo

120 4220 192 4279 dem
208 4221 294 4291 Petri,
311 4220 496 4278 dilectionem
513 4221 635 4279 ioannis
655 4240 745 4296 supra
760 4227 861 4296 pectus
886 4239 949 4278 ma·
1004 4224 1082 4276 esset
1096 4220 1147 4291 qui
1164 4220 1344 4276 orendotem
1360 4217 1539 4274 immensum
1556 4234 1624 4273 cum
1639 4215 1829 4289 paucissimis

120 4309 209 4384 gistri
225 4310 255 4365 in
274 4327 347 4367 cena
371 4311 578 4379 recumbentis,
595 4311 724 4368 Thomas
748 4312 871 4367 firmiter
895 4327 949 4366 no·
1003 4307 1188 4379 triumphum
1203 4307 1335 4379 optinere
1351 4305 1615 4377 promeruitllorte
1629 4303 1721 4370 enim,
1736 4301 1828 4358 immo

120 4402 217 4470 verat,
233 4415 282 4455 eos
299 4398 336 4455 nd
350 4399 516 4472 sepulcrum
533 4399 709 4467 cucivrrisse,
721 4398 870 4472 nichilque
881 4416 950 4471 pre·
1004 4400 1092 4464 certe,
1107 4400 1135 4451 et
1147 4400 1178 4450 tu
1194 4394 1276 4467 prius
1292 4392 1459 4466 ignorabas,
1476 4408 1565 4464 quam
1581 4407 1668 4447 cerus
1692 4389 1751 4446 Deo
1769 4390 1828 4444 exi·

120 4491 169 4545 ter
183 4486 355 4545 linteamina
367 4489 513 4545 invenisse
529 4486 847 4559 audieret,angelorum
862 4488 950 4544 ctiam
966 4495 989 4560 Ι)
1005 4491 1116 4552 stercs;
1133 4482 1210 4555 quod
1227 4485 1292 4553 post
1311 4484 1340 4535 te
1364 4495 1538 4552 cognoscere
1560 4478 1637 4546 iecit,
1655 4493 1722 4533 cum
1746 4479 1829 4532 tenta

118 4576 263 4646 visiones,
289 4578 338 4651 qui
364 4594 431 4633 oum
454 4578 550 4634 vivore
576 4581 750 4641 assererent,
778 4575 951 4634 mulieribus
1004 4574 1125 4631 victorie
1140 4568 1303 4627 honoravit.
1320 4568 1419 4624 Sancti
1434 4566 1542 4623 etenim
1556 4564 1610 4622 viri
1626 4565 1698 4638 quid
1712 4564 1829 4621 virtutis

121 4666 297 4739 apparuisse
321 4672 504 4741 cognoverat.
520 4667 576 4723 Sed
594 4670 674 4735 esto;
692 4667 764 4722 torte
779 4665 856 4721 enim
882 4683 950 4721 mu·
1004 4665 1141 4729 habeant,
1158 4656 1304 4731 etquenti
1329 4657 1359 4712 in
1390 4659 1547 4729 conspectu
1573 4654 1664 4711 divini
1687 4652 1829 4710 examinis

121 4754 231 4813 lienum
254 4756 455 4812 infirmitatem
480 4756 679 4824 considerans,
703 4754 876 4812 mulieribus
892 4773 949 4811 non
1006 4753 1178 4818 consistant,
1205 4747 1261 4803 nisi
1288 4744 1483 4819 probaverint,
1513 4745 1664 4818 ignorant3
1688 4743 1767 4816 quod
1792 4743 1829 4800 ad

121 4846 271 4902 credebat.
288 4846 375 4916 Cedo,
392 4847 523 4918 inquam,
541 4847 641 4902 saneto
655 4845 778 4907 Thema,
795 4844 819 4901 si
835 4844 951 4900 duobus
1006 4842 1152 4900 Abraham
1178 4838 1272 4894 filium
1297 4833 1450 4892 immolare
1469 4833 1614 4907 cupientis
1627 4833 1661 4869 ⁸¹¹
1677 4849 1711 4890 ex
1733 4832 1830 4890 verbis

121 4934 280 5008 discipulis
308 4936 344 4992 ad
371 4935 525 4992 castollum
550 4936 691 4990 Emmaus
713 4934 950 5007 properantibus,
1007 4930 1102 5004 angeli
1117 4925 1240 4985 dicentis
1252 4925 1386 4998 colligere
1401 4940 1575 4996 possumus;
1590 4923 1631 4978 ait
1645 4922 1743 4978 enim:
1760 4943 1774 4972 a
1789 4921 1830 4980 Ne

122 5022 235 5096 quibus
251 5041 308 5080 non
324 5023 420 5081 solum
437 5024 583 5098 apparuit,
600 5022 650 5079 scd
665 5026 693 5078 et
708 5021 868 5095 scripturas
887 5041 951 5096 quae
1007 5021 1147 5080 extendas
1162 5032 1283 5073 manum
1298 5019 1380 5070 tuam
1396 5028 1485 5086 super
1497 5027 1731 5086 puerum,neque
1741 5009 1830 5069 iacias

123 5111 162 5169 de
178 5129 209 5169 se
225 5118 308 5170 erant
322 5112 603 5187 apperuil⁸¹⁰,immo
614 5111 701 5169 etiem
712 5112 952 5169 secundumcon·
1008 5111 1049 5169 illi
1064 5109 1244 5184 quicquam;
1265 5120 1345 5160 nunc
1369 5101 1490 5176 cognovi
1504 5101 1582 5174 quod
1603 5099 1708 5158 timeas
1732 5099 1830 5158 Domi-

800 5282 921 5340 VARIAE
940 5280 1149 5341 nicomedes.

160 5408 498 5491 ”conjunjunxeratt
537 5407 745 5491 ³⁰⁷petentepti
764 5408 789 5462 1·
828 5407 863 5442 ³⁰⁸
877 5426 931 5467 suo
945 5410 1024 5467 unde
1039 5410 1076 5482 (5.
1093 5403 1239 5487 5a.)5a'
1257 5400 1317 5456 Vite
1332 5398 1359 5454 S.
1376 5395 1490 5481 Gerordi
1500 5396 1664 5482 ¹ltrerdeesis
1678 5412 1701 5452 c.
1718 5396 1761 5453 te.
1795 5392 1830 5432 ⁸⁰¹

123 5496 180 5537 con
197 5480 344 5536 constabit
360 5482 384 5536 l.
401 5481 505 5536 deabus
520 5481 611 5537 tineis.
649 5481 683 5514 ³¹⁰
699 5497 720 5537 ι.
735 5496 760 5535 e.
773 5479 897 5551 aperuit.
935 5483 969 5520 ⁸¹¹
995 5481 1052 5552 lege
1076 5478 1263 5550 cupientem,
1279 5473 1442 5554 constructae
1463 5470 1568 5529 scilicet
1591 5470 1650 5555 hate
1669 5466 1829 5553 scistitavit

122 5549 261 5628 colligere
275 5568 435 5629 possumus
451 5568 485 5614 ex
498 5551 595 5613 verbis
608 5550 703 5630 angeli
715 5550 840 5611 dicentis
855 5552 891 5613 ad
906 5552 1055 5615 Abrabam
1070 5547 1237 5627 cupientem
1252 5541 1347 5603 chum
1359 5540 1523 5606 immolare.
1596 5596 1600 5605 .
