3876 6084
109 230 188 292 1993
635 224 761 287 HPIS'P.
783 226 834 286 AD
857 224 1036 286 FRATRES
1058 226 1291 291 aueleuses.
1735 239 1814 300 taut

108 361 152 419 lor
164 361 170 418 l
187 358 340 418 diabolum
354 357 488 415 imitatus
498 361 552 425 cst,
562 357 612 430 qui
625 357 735 414 bonum
748 358 825 430 quod
842 357 936 430 perdi·
948 359 977 426 Α
990 357 1099 431 ingenii
1115 358 1291 431 quibusdam
1302 359 1438 418 litteratis
1452 362 1655 435 praeferuntur.
1668 364 1764 426 Ulixes
1773 372 1815 427 vi-

108 451 151 507 dit
175 448 289 506 homini
317 447 583 503 inviditflumana
604 447 677 502 sacia
707 446 780 504 tales
809 445 938 503 belluina
984 462 1060 520 gere
1077 447 1186 521 ingenii
1203 449 1342 506 omnibus
1357 450 1407 523 qui
1422 450 1508 507 Itium
1524 463 1728 527 oppugnavere
1742 474 1815 530 pre·

111 543 210 595 mente
223 540 436 604 monstrantur,
450 536 486 592 de
500 535 609 608 quibus
624 534 652 590 in
668 533 823 609 Evangelio
838 535 937 590 Domi·
992 535 1069 593 latus
1078 538 1212 605 est,adeo
1223 538 1484 598 utarmisAcbittis
1494 539 1575 598 solus
1586 543 1722 602 inventus
1731 546 1817 604 sitdi-

108 645 165 684 nus
180 626 332 699 loquitur:
349 627 380 680 tc
393 624 560 681 uestimentis
570 625 662 681 oratum
677 626 799 692 uertunt,
811 625 938 680 intrinse-
991 641 1078 698 gnus.
1094 626 1231 699 Legimus
1247 644 1364 701 quoque
1385 629 1571 701 prudentiam
1584 631 1663 701 ade,
1680 649 1739 706 qua
1753 650 1816 691 om·

112 733 159 773 cuc
174 719 266 772 auwm
288 718 354 770 aaut
377 715 436 785 lupi
450 729 572 786 raperes.
588 712 706 769 Utinam
736 711 822 769 vellet
847 713 873 768 is
901 713 937 769 de
991 714 1816 796 nibusereaturienominaimposuerit,nontamenquod

110 822 169 878 quo
186 803 290 876 loquor
305 818 420 858 mecum
435 801 464 857 in
481 807 639 875 conspectu
651 805 745 858 vestro
760 800 935 869 conversari,
991 804 1212 875 grammaticam
1228 806 1355 874 sciverit,
1368 805 1424 863 nisi
1436 807 1508 863 torte
1519 808 1549 864 S.
1562 808 1637 865 Galli
1653 812 1817 871 monachus

107 910 233 966 quorum
249 891 437 965 prudentiam
459 891 496 946 ab
518 891 639 963 antique
654 894 814 963 spectatam
830 887 933 946 eudiol
990 891 1031 947 ita
1045 891 1114 948 velit
1135 893 1264 966 primum
1289 895 1440 951 bominem
1463 901 1594 954 creatum
1622 903 1656 956 ut
1681 901 1816 959 omnium

106 981 182 1038 Nota
201 986 271 1037 suut
294 979 367 1037 mibi
387 979 484 1037 Acbar
507 980 595 1048 turta,
622 984 692 1035 nota
715 979 775 1035 ficti
799 976 935 1035 monachi
990 981 1142 1037 scientiam
1158 983 1270 1038 noverit
1280 984 1399 1052 artium,
1411 1001 1501 1058 quam
1515 987 1664 1059 peccando
1674 989 1815 1049 amiserit.

105 1068 320 1139 fraudulentia3
337 1085 426 1141 quam
442 1068 521 1125 mats
541 1069 646 1124 incude
661 1067 775 1140 spicula
788 1069 853 1139 ejus
868 1083 936 1140 pro·
990 1070 1072 1135 Quod
1087 1070 1112 1127 si
1126 1070 1167 1127 ita
1188 1077 1242 1140 est,
1254 1088 1357 1129 omnes
1372 1072 1506 1130 homines
1527 1074 1680 1133 scientiam
1696 1082 1817 1136 natura-

105 1161 251 1215 ducantur
265 1176 321 1215 uon
349 1158 463 1232 ignoro,
480 1175 568 1231 quam
586 1156 714 1214 invalida
738 1174 829 1213 manu
850 1157 933 1227 jacu—
989 1155 1056 1214 liter
1065 1159 1352 1218 omniumbabemus
1360 1161 1482 1232 artium;
1493 1168 1665 1238 corruptum
1674 1166 1725 1223 sed
1737 1167 1816 1225 enim

103 1247 203 1305 lentur
229 1251 367 1321 expertus
394 1263 472 1304 sum.
488 1245 605 1303 Noverit
624 1245 777 1302 Horatium
807 1262 858 1317 pro
888 1260 935 1301 me
989 1246 1019 1300 iu
1045 1248 1140 1319 primo
1164 1248 1283 1305 bomine
1308 1249 1463 1307 arbitrium
1488 1251 1697 1325 legimus‚non
1721 1255 1815 1313 scien·

105 1337 277 1394 minantem.
296 1336 327 1392 ln
344 1333 438 1392 malos
459 1335 641 1409 asperrimus
661 1339 763 1407 parata
787 1333 857 1390 tolie
871 1350 934 1390 cer·
989 1335 1060 1391 tiam
1076 1337 1183 1393 artium
1204 1337 1393 1395 interclusam
1411 1339 1539 1396 :viderit
1562 1339 1613 1415 qui
1635 1345 1745 1416 potest;
1761 1361 1816 1402 nos

105 1442 166 1481 nua
180 1423 276 1499 qualis
287 1423 422 1481 Sicambe
444 1426 560 1497 spretus
585 1424 675 1479 infido
690 1439 789 1498 gener,
805 1428 856 1480 aut
870 1439 936 1480 acer
989 1428 1089 1480 minen
1101 1425 1130 1481 in
1146 1443 1176 1483 re
1186 1427 1277 1483 dubia
1287 1444 1322 1483 ne
1333 1428 1704 1497 controversemur,vilium
1716 1447 1817 1491 rerum

104 1514 200 1570 bostis
216 1511 337 1586 Bupalo.
353 1514 396 1568 An
412 1512 437 1568 si
452 1513 596 1584 quisatro
611 1513 697 1568 dente
721 1528 769 1569 me
790 1512 933 1584 petiverit,
990 1518 1169 1587 quapropter
1181 1516 1409 1572 controversiam
1420 1517 1561 1590 pertinaci
1573 1517 1718 1577 cucullato
1730 1520 1818 1578 relin-

104 1601 218 1660 inultus
243 1607 276 1657 ut
299 1602 373 1659 flebo
389 1601 483 1674 puer‘t
506 1602 596 1659 Dares
622 1600 753 1659 siculum
783 1603 934 1659 attentavit
989 1617 1127 1674 quamue,
1141 1620 1227 1676 quem
1238 1604 1380 1676 putabam
1389 1604 1464 1662 velle
1479 1605 1613 1680 stipulari
1624 1625 1642 1664 a
1653 1624 1700 1665 me
1714 1608 1817 1668 sunda·

103 1689 252 1771 Entellum
289 1690 416 1747 lascivus
452 1690 615 1747 monachus
648 1691 816 1748 Gunzouem
852 1691 933 1747 ttati·
947 1726 972 1793 B
989 1690 1563 1759 mentatotiusorationis:t.Ouomodo
1578 1695 1815 1765 itasebabeaat,

107 1796 186 1836 cum.
989 1783 1022 1834 ut
1037 1796 1132 1852 neque
1149 1780 1274 1848 vocales,
1291 1797 1386 1854 nequa
1405 1783 1605 1854 semivocales,
1620 1801 1714 1859 nequa
1729 1791 1817 1845 mute

138 1888 246 1938 Novem
260 1888 369 1938 immo
383 1887 502 1937 Entellus
515 1887 655 1937 conanime
669 1887 769 1950 lapsus,
988 1868 1076 1924 certis
1091 1868 1195 1940 spatiis
1217 1868 1391 1940 limitentur,
1406 1873 1457 1927 sed
1479 1872 1619 1930 contundi
1641 1873 1685 1932 sie
1698 1874 1817 1934 videan-

137 1951 193 2008 Qua
205 1949 231 1998 Vi
246 1949 391 2013 perculerit
404 1952 566 2013 miratum
581 1962 652 2013 90⁰⁸
667 1950 772 1999 bareto.
988 1959 1047 2020 tur,
1063 1960 1096 2010 ut
1119 1955 1240 2012 cuilibet
1263 1957 1354 2014 stulto
1374 1975 1444 2015 casu
1473 1961 1572 2032 posite
1600 1962 1818 2035 potiusquam

140 2045 266 2105 Causam
293 2045 417 2119 querela
442 2045 605 2112 audivistis,
623 2045 693 2118 quid
722 2046 810 2102 ctiam
833 2048 935 2103 eontra
989 2043 1101 2100 ratione
1125 2043 1298 2102 habeantur.
1314 2049 1341 2101 2.
1358 2050 1415 2102 Cur
1437 2048 1588 2122 digamma
1610 2054 1678 2123 past
1700 2051 1818 2111 Latinas

105 2133 236 2190 studium
252 2133 432 2192 litteratoria
451 2134 641 2208 professionis
662 2134 757 2191 bostis
771 2135 869 2191 nascio
884 2139 936 2192 aut
990 2135 1141 2204 acceptum
1162 2131 1275 2189 litteras
1297 2150 1356 2189 noa
1379 2137 1445 2206 post
1458 2151 1484 2204 v,
1499 2134 1590 2192 veluti
1603 2153 1634 2204 a,
1650 2138 1701 2194 sed
1723 2144 1819 2211 poste

103 2221 210 2294 bospes
225 2223 318 2295 egerit
343 2226 457 2295 oportet
480 2221 616 2279 audiatis.
636 2222 800 2278 Adveniens
824 2223 935 2279 desere·
990 2219 1156 2276 collocetur.
1173 2220 1200 2275 3.
1217 2221 1365 2278 Liberatus
1380 2222 1542 2296 disciplina
1564 2225 1727 2282 secundum
1747 2244 1818 2300 pro·

102 2310 170 2367 bam
184 2327 259 2383 pene
270 2315 390 2367 centnm
405 2309 549 2368 librorum
561 2309 722 2379 volumina,
734 2328 817 2367 arma
827 2310 938 2368 seilicet
990 2309 1085 2381 priam
1100 2310 1160 2364 vim
1176 2325 1212 2365 an
1233 2327 1285 2383 pro
1300 2315 1387 2382 captu
1411 2327 1476 2367 sese
1500 2312 1725 2386 percipientium
1751 2332 1818 2388 per.-

104 2399 270 2471 pacisque
279 2399 493 2456 vertitiuvidus
506 2399 600 2456 bostis
616 2400 646 2455 in
661 2398 791 2456 studium
808 2399 934 2479 luroris;
991 2403 1161 2454 noscantur.
1178 2399 1251 2454 Nam
1275 2399 1413 2456 dubitant
1426 2400 1547 2473 quidam
1571 2405 1670 2458 utrum
1690 2400 1733 2458 uti
1748 2407 1820 2462 suut

102 2488 179 2543 iuter
193 2504 257 2560 qum
271 2492 332 2544 erat
344 2487 481 2545 Martiuni
496 2488 526 2543 in
540 2505 579 2544 vu
589 2487 761 2545 liberalibus
771 2487 936 2562 disciplinis
991 2491 1140 2559 praeceptae
1165 2487 1233 2543 sint.
1247 2489 1272 2544 l.
1292 2489 1419 2545 Donatus
1434 2506 1471 2545 an
1496 2489 1663 2547 Priscianus
1677 2490 1818 2550 orationis

104 2577 254 2632 succincta
282 2576 409 2645 veritas;
441 2593 531 2649 quam
559 2577 803 2634 contemnendam
832 2580 937 2651 putant
991 2581 1089 2648 partos
1104 2576 1289 2632 ordinaverit.
1300 2578 1327 2632 5.
1340 2577 1412 2641 Quis
1426 2577 1533 2634 borum
1554 2578 1746 2638 diffinitiones
1759 2581 1816 2639 eis·

104 2664 156 2737 qui
171 2662 275 2722 tabulae
287 2663 476 2722 solummodo
488 2666 731 2723 delectationibus
742 2665 935 2736 oblectantur,
991 2665 1059 2720 dem
1074 2664 1208 2737 partibus
1223 2669 1251 2721 et
1265 2665 1466 2723 accidentibus
1479 2665 1522 2723 eis
1541 2666 1660 2741 dignius
1674 2668 1819 2727 attribue·

107 2754 158 2826 qui
173 2770 231 2809 non
243 2753 355 2829 integre
367 2754 491 2828 capitur,
504 2755 529 2812 si
540 2754 671 2811 veritatis
682 2754 809 2827 qualitas
822 2755 938 2828 ignora·
992 2751 1030 2808 rit
1046 2770 1052 2808 ε
1070 2769 1210 2826 magnum
1225 2752 1371 2825 siquidem
1385 2753 1516 2811 laborem
1528 2756 1730 2830 expenderunt
1744 2757 1819 2816 anti·

111 2847 169 2899 tur.
185 2842 398 2916 Depcrtabatur
421 2860 539 2916 quoquc
561 2842 690 2900 Platonis
713 2843 743 2901 iu
764 2843 872 2900 Timaeo
891 2843 938 2901 vix
991 2842 1043 2915 qui
1057 2841 1087 2896 in
1103 2842 1274 2898 ordinandis
1288 2848 1318 2899 et
1331 2844 1561 2902 determinandis
1576 2845 1675 2902 rebus.

104 2929 254 2994 intellecta
268 2931 464 3004 profunditas,
481 2931 653 2988 Aristoteles
667 2931 697 2988 in
720 2932 794 2988 tibro
810 2932 873 2989 Peri
887 2933 937 2989 ltr-
1027 2932 1064 2986 tte
1076 2933 1266 3002 prammattcc.
1278 2931 1365 2987 Putat
1376 2931 1500 2989 tortasse
1509 2932 1642 2990 tumidus
1654 2933 1819 2994 monachus

104 3020 229 3089 menies,
240 3024 292 3077 aut
306 3021 416 3077 nostris
428 3021 476 3077 vix
490 3019 673 3095 temporibus
686 3025 798 3078 tentata
807 3025 859 3077 aut
874 3037 932 3078 non
992 3019 1216 3093 grammaticam
1231 3035 1283 3075 ceu
1298 3019 1355 3076 vile
1370 3020 1511 3093 quiddam
1525 3020 1641 3080 cucullo
1655 3038 1710 3080 suo
1726 3023 1819 3081 conti·

104 3113 256 3181 perspecta
270 3108 446 3177 obscuritas,
460 3109 607 3166 Ciceronis
628 3108 850 3183 Aristotelisque
872 3126 929 3166 noa
946 3087 967 3156 C
985 3107 1085 3175 tineri;
1103 3123 1160 3163 non
1184 3111 1284 3164 umen
1299 3107 1340 3164 ita
1363 3113 1417 3178 est,
1430 3107 1520 3166 semel
1536 3114 1653 3184 tergum
1677 3113 1743 3184 ejus
1768 3127 1816 3170 as·

104 3197 538 3271 contemnandaTopicoporum
547 3197 685 3271 dignitas.
696 3198 843 3270 inquibus
852 3197 931 3255 attis·
985 3195 1074 3268 penit,
1084 3199 1113 3250 et
1125 3195 1267 3252 testinans
1278 3200 1311 3252 ut
1323 3196 1426 3253 taciem
1442 3198 1624 3267 eicerneret,
1635 3200 1825 3272 impactione*

105 3302 161 3358 que
175 3302 242 3343 cum
259 3303 306 3343 me
326 3285 565 3360 interrogandum
585 3289 730 3360 putarem,
743 3302 930 3359 nequaquam
985 3284 1068 3356 pedis
1082 3283 1196 3350 cecidit,
1212 3287 1241 3340 et
1254 3284 1301 3339 vix
1319 3285 1354 3340 ad
1380 3284 1520 3341 sessionis
1536 3287 1600 3357 ejus
1623 3291 1722 3358 partes
1745 3275 1821 3360 per-'¹

22 3436 37 3445 .
105 3373 208 3430 vilium
224 3391 323 3431 rerum
338 3378 431 3444 motu,
447 3376 498 3432 sed
520 3376 646 3448 desuper
661 3375 787 3431 immissi
803 3376 931 3447 impetus
984 3372 1183 3444 vanitatique
1204 3377 1233 3429 et
1254 3373 1395 3446 superbit.
1411 3373 1477 3430 Hae
1493 3373 1812 3448 teminaetitergram·

106 3463 249 3535 gravitate
264 3461 659 3536 sollicitabar.0uisputaret
673 3480 704 3520 se
719 3463 931 3536 reprehenden-
985 3460 1112 3529 matteis,
1137 3461 1221 3518 aliter
1246 3461 1397 3519 Aristoteli
1424 3462 1511 3519 cedit.
1527 3461 1600 3520 Huic
1627 3464 1732 3521 suadet
1761 3480 1814 3537 per

104 3551 175 3607 dum
191 3552 221 3608 in
237 3553 326 3608 unius
338 3567 425 3609 casus
441 3551 612 3621 mutatione,
622 3552 670 3608 cui
681 3557 757 3609 Deus
770 3551 855 3625 ptura
866 3568 932 3608 con·
985 3549 1122 3622 obliquos
1136 3567 1223 3607 casus
1247 3568 1305 3607 uon
1320 3566 1406 3623 posse
1421 3551 1542 3607 nomina
1568 3551 1635 3620 dici,
1650 3549 1709 3609 illis
1725 3551 1813 3609 etiam

103 3640 249 3697 cesserit?
264 3641 327 3697 Non
343 3643 484 3714 putabam
498 3640 594 3697 Achar
608 3641 702 3697 iurem
717 3640 821 3710 vivere,
839 3656 932 3714 neque
986 3639 1016 3694 in
1031 3637 1160 3710 obliquis
1182 3656 1268 3712 posse
1282 3639 1456 3713 nuncupari.
1472 3638 1538 3696 Haeo
1552 3639 1694 3714 figuratas
1716 3639 1813 3698 clocu-

103 3728 262 3785 transitum
278 3729 444 3786 animarum
461 3730 624 3785 seeundum
635 3729 828 3803 Pythagoram
844 3730 875 3785 in
888 3729 932 3786 di·
986 3728 1080 3784 tiones
1109 3727 1265 3801 aliquando
1290 3727 1332 3784 sie
1357 3731 1578 3801 commemorat,
1595 3732 1628 3785 ut
1649 3728 1697 3785 cui
1725 3744 1815 3803 gener

102 3833 188 3874 versa
203 3835 324 3892 corpora
338 3818 417 3888 fieri;
434 3836 497 3891 qua
513 3819 536 3874 si
553 3819 723 3891 reciperem,
735 3818 864 3875 animam
880 3819 932 3876 bo·
987 3816 1091 3887 subjici
1108 3817 1233 3873 debeant
1253 3817 1397 3874 ostendat.
1410 3816 1503 3874 Multa
1527 3821 1600 3890 pret
1612 3834 1679 3875 erea
1707 3819 1813 3886 servat,

107 3906 197 3962 minis
211 3907 324 3979 corpori
340 3906 436 3980 ipsius
451 3906 586 3963 monachi
607 3906 778 3965 inviderem.
791 3908 934 3966 Sordibus
988 3906 1018 3962 in
1035 3904 1142 3978 quibus
1157 3905 1315 3963 stultorum
1338 3906 1487 3963 temeritas
1509 3910 1597 3963 errat.
1613 3906 1747 3964 Habeant
1769 3910 1814 3965 ta·

108 3994 158 4066 qui
175 3995 300 4052 toedatus
315 4012 436 4068 porcum
454 3994 539 4061 uniit,
551 3996 705 4052 fraudibus
719 3996 860 4069 gaudens,
873 4013 933 4054 me·
990 4011 1056 4050 men
1071 3994 1147 4051 banc
1162 3995 1270 4068 quibus
1286 3995 1409 4069 contigit
1422 3993 1527 4052 saltam
1542 3995 1572 4051 in
1583 3995 1696 4053 somnis
1704 3995 1815 4053 vidisse

113 4083 168 4140 rito
194 4084 293 4141 anima
315 4082 475 4157 vulpeculae
497 4084 667 4141 vivificatur.
684 4085 724 4141 Ne
753 4085 863 4158 putetis
889 4101 936 4142 me
990 4084 1161 4152 Minervam,
1172 4084 1333 4142 dummodo
1348 4084 1384 4140 de
1403 4102 1438 4141 ca
1456 4100 1521 4158 quaa
1535 4085 1728 4158 subsequitur
1742 4084 1805 4142 nihi

110 4172 177 4229 odio
191 4171 374 4245 loqui.Absit
387 4172 494 4229 utodio
508 4173 633 4230 babeam
645 4174 723 4246 quod
735 4174 938 4233 bumanaettl.
989 4178 1179 4246 presumant.
1202 4175 1275 4231 Nam
1299 4173 1458 4230 reluctatur
1481 4177 1511 4229 ct
1534 4172 1620 4246 sugit,
1637 4173 1815 4246 quibusdam

109 4259 172 4332 gies
186 4259 329 4317 viventem
346 4260 496 4317 bominem
518 4266 673 4318 monstrat.
690 4262 763 4318 Nam
778 4262 847 4320 licet
862 4263 936 4320 ecci·
990 4261 1079 4317 etiam
1094 4262 1168 4334 tergi
1187 4261 1284 4317 visum
1300 4266 1395 4334 negat.
1412 4259 1525 4326 Quibus
1541 4264 1639 4316 temen
1661 4275 1692 4316 se
1711 4258 1817 4317 viden·

105 4347 227 4405 dentem
244 4348 356 4405 bomini
372 4349 533 4422 nequitiam
549 4350 615 4405 odio
637 4351 773 4418 habeam,
789 4351 878 4426 diligo
893 4357 936 4410 ta·
991 4351 1059 4405 dam
1074 4351 1192 4422 prebet,
1203 4366 1262 4405 non
1278 4366 1338 4405 una
1351 4347 1596 4420 cademqueIaeie
1609 4350 1741 4421 apparet.
1752 4346 1816 4404 Alie

109 4453 177 4492 men
189 4437 538 4510 substantiam,quamvis
549 4437 614 4511 ipsa
625 4455 742 4512 quoque
751 4439 863 4496 matitia
872 4457 974 4525 con-D
992 4439 1099 4495 etenim
1115 4437 1193 4505 huic,
1206 4437 1262 4493 alio
1278 4437 1319 4493 itti
1335 4436 1416 4493 vultu
1432 4441 1622 4494 monstratur.

109 4530 156 4581 tra
171 4529 271 4582 votum
294 4543 324 4583 se
347 4527 525 4599 possidentis
550 4526 622 4583 mihi
645 4528 795 4601 profuerit.
811 4530 884 4586 Nam
909 4534 938 4587 et
1026 4527 1229 4584 Dedialcctico.
1246 4527 1327 4591 Quod
1352 4525 1518 4584 ostenditur
1539 4541 1574 4582 ex
1598 4540 1631 4582 eo
1654 4524 1732 4597 quod
1751 4523 1817 4580 Ari·

107 4612 269 4671 multorum
285 4614 403 4671 fraudes
419 4616 564 4688 patefecit,
579 4620 653 4673 teste
666 4616 793 4686 Maroae,
806 4618 857 4690 qui
871 4618 934 4677 ait:
991 4615 1086 4673 atotcli
1107 4631 1210 4688 genus,
1236 4615 1375 4688 speciem,
1391 4615 1597 4685 differentiam,
1621 4611 1773 4687 proprium
1787 4615 1819 4670 et

137 4717 325 4834 iisfi'llllli
339 4722 462 4772 canaam
478 4722 589 4772 ansteus
606 4726 633 4772 a
646 4724 756 4774 crimine
771 4726 804 4774 aa
819 4738 874 4775 uno
990 4704 1135 4849 agatidetus,
1152 4704 1328 4848 snbsuslrl
1347 4703 1511 4849 dquaqavit
1521 4720 1601 4848 Hule
1609 4700 1725 4801 Halani
1747 4700 1816 4758 sub-

328 4821 334 4832 ·
990 4809 1294 4867 siseniarpersuasr.
1330 4810 1401 4849 riso
1444 4810 1504 4848 ran
1554 4809 1571 4848 a
1603 4804 1818 4862 namagrscre-

104 4878 200 4949 Atque
215 4879 376 4937 multorum
392 4881 589 4955 ignorantiam
607 4884 737 4954 nudavit,
750 4887 936 4958 apertissimo
991 4884 1119 4939 dandum
1134 4881 1264 4955 putatis?
1284 4881 1389 4954 Magne
1409 4885 1455 4938 cst
1469 4881 1622 4952 utriusque
1646 4877 1816 4947 auctoritas,

100 4969 206 5022 'autem
220 4966 329 5026 indicio
346 4987 377 5026 se
390 4972 467 5044 apud
483 4970 618 5029 indoctos
631 4973 775 5029 nutritum
792 4980 935 5032 monstra·
991 4974 1136 5045 quatenus
1150 4972 1198 5026 vix
1213 4971 1319 5026 audeat
1341 4970 1407 5043 quis
1428 4967 1553 5026 alterum
1568 4967 1652 5024 alteri
1675 4965 1818 5039 dignitate

105 5054 158 5119 vit,
170 5056 221 5127 qui
236 5059 474 5129 pronuntiatione
498 5060 586 5117 unius
610 5078 696 5118 casus
720 5063 811 5118 animi
835 5081 937 5121 conec·
991 5061 1134 5134 preferre.
1151 5061 1216 5116 Hac
1230 5059 1272 5115 ita
1295 5059 1452 5132 aliquando
1466 5056 1657 5131 ambiguitate
1681 5054 1817 5112 obtusos·

106 5142 223 5216 ptiones
239 5145 438 5219 deprehensas
453 5149 576 5223 putavit.
592 5150 672 5223 Sapo
687 5152 854 5208 audivimus
869 5152 938 5209 vilia
991 5156 1049 5215 tur,
1065 5154 1098 5205 ut
1112 5165 1175 5222 quae
1200 5165 1257 5215 res,
1272 5148 1319 5204 cui
1343 5147 1441 5220 generi
1462 5145 1588 5220 subponi
1613 5145 1717 5202 debeat
1739 5142 1817 5199 eire-

106 5247 229 5305 quaeque
244 5237 357 5294 ornatis
382 5237 440 5295 dici
456 5239 562 5310 verbis,
576 5244 694 5321 econtra
709 5239 798 5313 digna
820 5240 935 5314 prolatu
991 5238 1045 5295 cite
1070 5238 1162 5312 possit
1186 5236 1320 5293 inveniri.
1334 5236 1419 5293 Verbi
1436 5235 1541 5311 gratia,
1555 5235 1581 5292 si
1596 5233 1664 5308 quis
1687 5233 1728 5289 ita
1750 5246 1818 5304 pro·

105 5320 157 5377 viti
184 5340 320 5382 sermone
347 5329 453 5394 notari,
468 5328 559 5384 vetuti
574 5329 599 5384 si
615 5346 721 5386 nomen
748 5329 857 5386 diaboti
885 5347 937 5387 au·
991 5332 1081 5401 ponet
1094 5344 1101 5383 ι
1112 5327 1185 5383 Cum
1201 5325 1310 5392 amnia,
1327 5341 1507 5398 quacunque
1522 5328 1603 5394 sunt,
1614 5326 1666 5381 aut
1680 5320 1817 5378 substan·

106 5409 165 5467 reis
190 5410 298 5472 litteris
321 5416 388 5489 quis
417 5417 608 5486 scribat,1)ei
637 5423 736 5475 autem
762 5424 936 5476 atramento.
991 5418 1032 5473 tia
1058 5420 1109 5473 aut
1137 5415 1272 5471 accidens
1300 5414 1474 5482 habeantur,
1490 5414 1561 5488 quid
1590 5413 1626 5469 de
1653 5405 1819 5466 differentia

106 5499 251 5560 Preterea
272 5505 344 5579 qaid
369 5508 405 5564 da
433 5506 480 5563 bis
509 5505 681 5563 bominibus
709 5506 865 5564 dicendum
893 5513 938 5567 est
991 5504 1148 5562 dicendum
1164 5505 1207 5559 cst
1223 5519 1287 5576 que
1312 5518 1407 5577 neque
1430 5503 1606 5570 substantia,
1622 5512 1716 5570 neque
1739 5491 1818 5550 acci·

107 5589 159 5669 qai
175 5591 239 5659 siue
263 5592 369 5672 litteris
383 5595 505 5661 vivuatl
524 5595 627 5658 Nonae
654 5595 775 5677 quidam
803 5596 938 5673 acumine
991 5595 1065 5679 dena
1077 5591 1135 5683 ttici
1149 5590 1266 5685 potasti
1280 5591 1453 5682 §abstantia
1473 5592 1532 5659 diei
1550 5585 1661 5667 nequii,
1673 5581 1744 5684 qula
1757 5579 1818 5654 aon
