3892 6090
112 280 173 359 tua
594 294 902 360 ruveronosnos
923 298 1026 361 siaul
1048 300 1188 365 san-
1201 303 1275 366 nm.
1297 303 1337 367 u.
1758 307 1818 369 aas

115 427 410 513 dimeqsdusipa'lue
420 422 500 487 illius
514 428 694 488 liulodoicus
712 447 763 489 ren
787 433 901 489 cunctis
925 449 943 490 a
955 434 983 502 Α
998 434 1123 509 indeque
1138 436 1349 512 oriturpugne,
1361 437 1496 512 versique
1510 441 1592 513 terga
1605 452 1657 495 ceu
1674 435 1704 494 in
1717 438 1818 512 lugam

112 517 231 597 populis
243 518 406 576 ordinatur.
415 518 502 577 Tanti
517 519 644 593 denique
659 536 746 577 casus
760 519 814 576 viri
828 519 940 578 vicinos
996 524 1094 594 Turci,
1110 525 1228 585 directis
1242 527 1348 586 acriter
1361 527 1456 600 belis,
1473 528 1503 586 id
1518 532 1563 586 est
1587 525 1712 602 sagittis,
1727 525 1819 601 pluri·

112 607 292 684 Hungerios,
308 609 385 667 sieut
399 625 452 667 nec
466 608 498 666 in
509 611 570 671 toto
585 609 655 667 orbe
678 609 828 684 degentes,
850 608 942 667 latere
995 629 1060 671 mos
1075 617 1220 675 sternunt.

113 715 173 757 non
192 696 298 773 potuit.
314 697 466 772 Siquidem
481 698 539 757 leti
551 699 614 756 dies
629 700 694 772 ejus
712 698 750 757 lis
776 699 833 756 luit
859 698 940 756 omni
1354 706 1462 765 Veram,

113 788 271 849 testivitate
282 787 452 862 jucundior,
468 788 549 863 gazis
576 789 715 847 omnibus
744 787 939 862 prestantior.
994 791 1130 852 Nubibus
1142 794 1329 869 omnipotens
1342 796 1455 855 Halcim
1470 813 1538 855 cum
1552 797 1676 855 condere
1690 794 1789 871 phoebi

113 876 189 944 Quid
204 876 305 952 igitur.
338 936 342 943 ,
994 882 1121 942 Lumina
1135 883 1292 942 chrisaemi
1306 887 1491 945 venerandus
1506 886 1616 961 ceperit
1626 885 1710 959 atris,

149 966 178 1023 2'.
195 965 293 1024 Primo
307 981 435 1042 namque
444 968 548 1027 mortis
557 968 648 1042 hujus
659 967 800 1044 gnatique
809 966 856 1025 sui
866 966 942 1025 ordi·
993 971 1107 1031 vertice
1121 990 1248 1048 cumque
1263 974 1348 1049 polus
1363 992 1481 1034 summo
1496 975 1633 1051 clangore
1647 974 1786 1050 remugit,

114 1055 242 1115 nationis
258 1071 346 1125 anno,
362 1072 523 1133 permagno
538 1056 659 1116 collecto
675 1058 942 1129 exercitu,llarava·
993 1059 1122 1135 Fulgura
1136 1063 1238 1121 crebra
1251 1063 1351 1122 volant
1364 1064 1470 1123 throno
1485 1063 1766 1123 demissa‘l'onantis

115 1161 222 1204 narum
236 1147 364 1220 gentem,
379 1162 469 1219 quam
483 1145 600 1203 virtutis
623 1162 725 1204 eorum
749 1143 940 1204 amminiculo
993 1148 1819 1228 lgneaszmoxtrepidant,quinigrumincandidavertunt,

116 1252 167 1294 rex
180 1231 321 1293 Amulius
336 1234 517 1306 subdiderat,
533 1234 590 1293 sibi
602 1235 773 1306 vendicant3
784 1235 941 1309 Bagoario·
993 1236 1117 1297 Conscia
1130 1245 1194 1298 tum
1207 1245 1345 1299 metuunt
1359 1242 1503 1301 scelerum
1519 1242 1633 1301 sulcare
1642 1256 1764 1300 suorum

116 1342 184 1383 rum
199 1323 288 1382 etiam
308 1323 383 1382 fines
403 1332 567 1398 occupant3
584 1327 681 1382 castra
708 1323 839 1395 diruunt,
866 1324 942 1382 ecle-
994 1328 1125 1401 Pectora,
1139 1329 1227 1388 vulno
1241 1330 1265 1368 θ’
1279 1331 1389 1405 pariter
1401 1331 1516 1391 ruitura
1527 1347 1655 1406 superno
1670 1348 1678 1388 t
1695 1364 1730 1375 —

117 1412 179 1475 aias
192 1413 260 1488 igne
271 1415 460 1483 consumunt,
469 1413 593 1489 populea
603 1412 786 1489 jugulant,ct
800 1429 837 1470 ue
847 1412 942 1486 magis
995 1416 1080 1474 Haud
1096 1433 1180 1475 secus
1196 1418 1322 1476 evacuis
1334 1419 1457 1478 volitent
1472 1436 1615 1479 concussa
1629 1420 1774 1494 pharetris

118 1502 272 1577 magisque
285 1501 455 1572 timeantur,
471 1503 692 1562 interfectorum
712 1519 776 1561 sese
798 1502 942 1576 sanguine
996 1505 1125 1580 Spicula,
1140 1507 1316 1565 scinduntur
1328 1508 1432 1583 valide
1444 1510 1467 1546 ⁹⁸
1481 1510 1548 1583 quis
1562 1514 1646 1584 terge
1659 1509 1765 1566 lorice.

113 1595 229 1665 potant.
995 1595 1132 1653 concutit
1145 1597 1210 1670 ipsa
1224 1613 1313 1654 ruens
1326 1602 1439 1672 segetes
1454 1615 1523 1655 cum
1539 1597 1650 1672 mando
1665 1598 1801 1671 superba.

149 1680 176 1737 3.
194 1676 255 1755 (dn.
271 1680 347 1754 910.)
367 1679 536 1738 Hilodoicus
560 1682 659 1754 itaque
684 1697 742 1751 rex,
768 1680 865 1753 geniis
888 1696 942 1737 sue
995 1683 1041 1740 Fit
1055 1685 1181 1756 sonitus,
1196 1684 1376 1760 clangorque
1388 1686 1475 1744 simul
1492 1703 1545 1761 per
1559 1690 1635 1744 tecta
1650 1702 1784 1758 sonoras,

112 1765 370 1843 depopulationem
380 1769 530 1842 hujusque
542 1767 714 1843 intellegens
725 1767 940 1838 crudelitatem,
996 1771 1043 1829 Sic
1057 1770 1146 1847 galee
1159 1774 1270 1832 strictis
1284 1775 1407 1833 reboant
1420 1780 1492 1833 tunc
1507 1775 1628 1834 ensibus
1643 1775 1717 1845 icta,

111 1873 234 1917 suorum
249 1856 383 1915 omnium
397 1857 511 1915 animos
525 1857 581 1914 bac
595 1857 751 1915 lormidine
762 1856 938 1926 inflammat,
993 1859 1120 1934 Corpora
1134 1861 1235 1935 sieque
1251 1864 1361 1921 cadunt
1375 1863 1488 1921 mutuis
1503 1864 1638 1923 confossa
1650 1865 1777 1939 sagittis.

113 1945 182 2005 utai
192 1962 373 2021 quemquam
384 1945 460 2005 bello
470 1946 583 2016 eodem,
594 1945 672 2020 quod
688 1963 755 2004 cum
769 1942 806 2003 iia
819 1950 939 2003 acturus
1027 1949 1094 2007 iam
1110 1950 1266 2023 septimam
1281 1952 1464 2010 descendens
1478 1952 1605 2010 thbus
1630 1957 1822 2026 occupaverat

112 2035 304 2107 esset,dcessc
318 2035 500 2110 contingeret
513 2034 619 2109 loqueo
635 2034 736 2109 procul
746 2034 836 2092 dubio
847 2034 938 2093 vitam
993 2038 1107 2110 boram,
1123 2045 1153 2097 et
1166 2056 1288 2098 serenus
1305 2040 1403 2098 adbuc
1416 2040 1569 2099 Hnlodoici
1585 2042 1720 2116 partibus
1742 2044 1821 2101 ldnra

113 2126 221 2184 liniret.
237 2123 464 2184 Innumerabilia
477 2123 604 2198 denique
617 2122 801 2199 illsgentis⁸⁸
812 2123 939 2198 pessime
993 2128 1118 2198 favebat,
1134 2145 1202 2187 cum
1217 2129 1315 2200 anci,
1332 2130 1408 2188 sicut
1426 2147 1486 2187 non
1507 2130 1649 2203 incallidi,
1666 2131 1770 2207 positis
1786 2146 1821 2190 ex

113 2215 274 2274 multitudo
288 2214 381 2291 copiis
396 2214 486 2287 hujus
502 2213 639 2272 maximis
654 2213 770 2272 obviam
784 2230 940 2288 properare
994 2218 1116 2275 adverso
1130 2217 1257 2289 insidiis,
1274 2219 1375 2292 lugam
1388 2219 1540 2276 simulant.
1557 2222 1635 2288 Quos
1647 2221 1718 2277 dum
1743 2220 1821 2294 regia

114 2305 245 2365 festinat.
260 2305 319 2363 Nec
345 2303 445 2362 videas
472 2302 622 2361 sitientem
646 2302 776 2361 animam
789 2299 940 2360 ardentius
995 2306 1823 2381 papulua,doliignarus,impetuvalidissimcsequeretur

113 2395 257 2453 baustum
270 2392 367 2451 laticis
382 2392 495 2469 gelidae,
513 2409 603 2466 quam
618 2391 710 2466 prelii
725 2391 803 2449 diem
821 2395 940 2466 gentem
995 2395 1076 2451 omni
1089 2396 1236 2468 prodeunt
1250 2412 1285 2452 ea
1299 2399 1382 2470 parte
1395 2394 1521 2466 insidiae,
1537 2400 1566 2453 et
1586 2395 1751 2469 quasivicti
1765 2395 1823 2469 ipsi

113 2480 355 2543 banocrudelem
370 2487 525 2558 appeter03
541 2499 637 2556 neque
657 2480 737 2539 enim
758 2480 835 2540 hano
861 2479 942 2538 aliud
995 2483 1120 2540 victores
1134 2483 1318 2541 interimunt.
1342 2483 1402 2541 Rex
1424 2483 1487 2557 ipsc
1508 2501 1524 2541 e
1544 2484 1654 2541 victore
1667 2499 1699 2541 se
1712 2484 1823 2542 victum

115 2588 208 2647 quam
223 2571 380 2630 dimicasse
389 2571 484 2644 juvat
501 2570 538 2627 Ut
552 2573 651 2626 autem
666 2585 701 2626 ex
718 2566 804 2638 libro,
830 2566 881 2641 qui
906 2566 942 2625 de
996 2588 1062 2630 essa
1076 2572 1216 2641 miratum
1228 2572 1319 2646 fitque
1329 2571 1371 2629 illi
1382 2589 1442 2631 non
1452 2573 1590 2647 opinatus
1599 2572 1715 2647 gramm
1724 2588 1823 2631 casus.

116 2660 230 2737 origine
242 2660 335 2734 huius
349 2659 521 2718 inscribitur
529 2661 586 2731 (73)
596 2657 696 2728 didici,
710 2658 819 2716 horum
833 2661 942 2715 matres
997 2660 1117 2718 Videres
1131 2659 1267 2734 equidem
1282 2660 1494 2735 saltus,agroa,
1507 2661 1619 2735 passim
1634 2661 1824 2720 cadaveribus
1869 2726 1878 2749 ἢ

115 2766 188 2812 mox
196 2751 297 2825 pueris
311 2749 399 2808 editis
418 2748 479 2807 tero
495 2746 666 2807 acutissimo
676 2749 700 2785 ⁸⁹
709 2746 814 2805 taciem
829 2750 942 2814 secant,
997 2749 1194 2819 stratos,rivos
1207 2754 1236 2806 et
1249 2750 1373 2807 llumina
1386 2751 1530 2825 sanguine
1544 2750 1689 2825 permixta
1702 2751 1823 2822 rubere3

115 2840 231 2901 scilicet
242 2843 285 2910 ut,
302 2842 461 2913 antequam
476 2837 560 2896 lactis
575 2836 757 2895 nutrimenta
767 2834 941 2910 percipiant,
993 2839 1825 2915 -tuuchinnitusequum,clungorquetubarum,iuglantes

115 2929 272 2989 vulnerum
288 2927 473 2986 tolerantiam
488 2927 587 2984 subire
602 2930 753 3000 cogantur.
774 2926 850 2982 Dant
873 2923 943 2981 bulo
996 2928 1086 2986 etiam
1101 2933 1189 3002 atqua
1205 2929 1294 2987 etiam
1308 2933 1428 3000 terrere,
1439 2935 1648 3004 persequentes
1659 2930 1825 3004 magiam*

115 3014 496 3081 ueerdonifidemvulnera
504 3033 567 3090 que
575 3032 627 3090 pro
637 3013 835 3074 deficientium
844 3012 942 3070 dolore
996 3017 1100 3092 gisque
1114 3017 1236 3075 bertari.

114 3107 327 3185 propinqum⁰⁰
341 3105 472 3165 vivorum
487 3104 659 3179 corporibus
679 3102 852 3178 inilguntur.
868 3103 942 3160 San·
1032 3108 1060 3164 b.
1076 3107 1217 3180 Hungarii
1232 3105 1371 3180 preterea
1385 3110 1569 3182 computasti
1583 3109 1629 3166 sui
1640 3107 1824 3177 ellecti‚chri·

115 3197 327 3275 guinemque⁰¹
343 3199 432 3270 prout
449 3203 517 3254 duca
528 3205 571 3253 eal
583 3201 679 3259 tentae
691 3202 747 3251 even
759 3201 808 3251 τῶν
823 3199 941 3266 tespites
956 3176 979 3248 G
996 3195 1161 3252 ettenorum
1177 3194 1232 3250 bac
1243 3198 1304 3251 tam
1314 3195 1562 3253 immensallnece
1573 3197 1765 3271 proprienon
1775 3211 1823 3253 sa-

110 3287 197 3347 atbei
210 3288 247 3344 ke
262 3285 357 3344 asevis
372 3285 434 3343 anti
449 3287 500 3343 ton
516 3284 648 3354 dacrion,
662 3282 693 3338 id
707 3286 752 3339 est
766 3282 831 3339 aine
844 3281 904 3339 Dec
914 3283 945 3337 ct
996 3283 1131 3341 tisleuere
1140 3283 1352 3355 nequicie;sed
1362 3285 1473 3341 rabiem
1485 3289 1518 3341 ut
1529 3285 1657 3358 pertidia
1667 3285 1823 3355 satiarent,

116 3362 202 3450 impii
217 3392 268 3450 pro
283 3368 943 3444 lacrimis,lunduni.lamjamrexHulodoicus
998 3371 1217 3446 Bagoaricrum,
1246 3372 1420 3440 Suevorum,
1450 3374 1639 3441 Francorum,
1673 3375 1822 3429 Saxonum

117 3465 241 3525 collecta
254 3463 445 3522 multitudine
453 3465 616 3536 Augustam
631 3462 759 3527 venerat,
775 3475 838 3531 que
854 3463 900 3516 est
913 3458 945 3515 in
998 3461 1099 3518 omnia
1112 3460 1299 3533 deflagrando
1311 3477 1400 3533 regna
1409 3462 1655 3534 percurrunthc
1665 3462 1823 3533 quisquam

117 3544 292 3620 Suevorum,
309 3552 529 3627 bagoariorum,
544 3568 597 3608 seu
616 3547 803 3606 orientalium
818 3547 945 3604 Franco·
999 3553 1071 3618 eret,
1082 3549 1133 3622 qui
1148 3549 1254 3604 horum
1270 3549 1533 3621 praeentiamniai
1547 3550 1647 3607 labore
1662 3567 1720 3606 non
1736 3565 1823 3622 parvo

119 3660 187 3702 rum
203 3643 329 3700 confinio
344 3643 457 3710 civitas,
473 3657 541 3696 cum
555 3640 716 3713 insperata,
730 3636 826 3710 magis
848 3638 946 3692 autem
1000 3643 1141 3695 naturave
1166 3637 1375 3695 munitissimis
1398 3637 1617 3712 prestolaretur
1638 3639 1668 3696 in
1684 3638 1769 3708 locis,
1783 3638 1796 3693 f
1812 3667 1825 3681 ·

120 3750 180 3792 non
197 3736 306 3807 optata,
322 3731 419 3806 gentis
442 3730 534 3803 hujus
558 3728 713 3785 nuntiatur
735 3724 878 3782 vicinitas.
896 3724 946 3780 Se·
1000 3730 1124 3800 ctusque
1137 3730 1182 3783 est
1193 3743 1245 3800 per
1259 3726 1417 3785 nonnullos
1432 3727 1561 3802 populus
1582 3728 1629 3786 bic
1653 3727 1826 3787 tributarius

119 3823 224 3900 quenti
235 3822 327 3880 ibitur
338 3821 475 3878 dieseaua
484 3814 807 3892 Lemannisltlluminis
817 3830 947 3887 campos,
1001 3832 1104 3872 annos.

120 3912 226 3972 Martia
239 3911 320 3987 operi
334 3909 494 3985 capacitate
515 3906 562 3967 sul
587 3911 682 3982 aptos,
712 3910 842 3979 utreque
870 3903 948 3962 acics
1037 3907 1094 3964 till
1108 3905 1203 3978 Hujus
1219 3906 1531 3978 temporeAdelbertus
1545 3907 1677 3981 quidam,
1693 3925 1751 3965 non
1766 3905 1831 3981 qul-

120 4017 293 4063 eonvenere.
1001 3995 1073 4053 libet
1086 3995 1139 4053 sed
1154 4012 1281 4070 magnus
1303 3994 1351 4053 ille
1361 3995 1458 4067 beros,
1475 3997 1656 4055 simultatem
1666 4015 1724 4055 non
1735 3996 1830 4054 modi·

157 4111 185 4169 4·
200 4109 287 4168 ptius
301 4107 400 4182 mque
415 4123 449 4165 ,ο
1003 4102 1068 4143 cem
1083 4085 1114 4141 in
1133 4085 1254 4143 castello
1269 4086 1291 4123 ⁹⁸
1306 4086 1446 4143 vocabulo
1459 4087 1638 4161 Bavemberg
1652 4091 1754 4146 contra
1767 4102 1830 4144 rem

1002 4173 1153 4247 publicam
1168 4176 1321 4232 exercebat
1332 4177 1389 4245 (on.
1404 4175 1478 4247 906).
1494 4177 1567 4249 Seps
1583 4175 1691 4233 etenim
1706 4192 1756 4232 rex
1770 4173 1830 4232 llus

1003 4261 1136 4321 lodoicus
1151 4265 1335 4337 congregatis
1350 4264 1489 4321 omnibus
1504 4281 1592 4337 super
1606 4279 1675 4320 eum
1693 4262 1829 4319 irruerat.

122 4342 343 4436 llungurlorum
358 4376 442 4434 gens,
458 4356 538 4415 necis
553 4355 667 4424 sitiens,
681 4352 750 4411 belli
772 4351 867 4420 avida,
883 4349 949 4420 bos,
1004 4351 1056 4407 Cui
1071 4350 1242 4408 nominatus
1257 4351 1344 4409 beros
1356 4368 1414 4408 non
1425 4352 1512 4423 juxta
1526 4349 1690 4418 castollum,
1700 4356 1732 4408 ut
1745 4348 1833 4422 aple-

121 4449 258 4510 videlicet
272 4448 460 4517 christianos,
485 4444 582 4502 adbuc
608 4440 748 4516 opprimit
772 4439 949 4506 oscitantes3
1006 4439 1105 4512 risque
1121 4438 1240 4507 assolet,
1255 4440 1305 4496 sed
1334 4438 1436 4511 procul
1465 4456 1482 4494 a
1509 4438 1673 4495 munitione
1687 4440 1833 4511 preparat

123 4538 283 4602 nonnullos
294 4551 422 4610 namque
432 4532 545 4608 spicula
554 4527 885 4606 priusquamclamores
896 4525 990 4616 evi-n
1007 4526 1128 4586 bellum.
1142 4526 1230 4601 Regis
1245 4527 1353 4584 etenim
1378 4526 1487 4584 milites
1512 4527 1686 4602 priusquam
1712 4542 1743 4584 ra
1767 4526 1833 4599 ipsa

123 4628 341 4706 gilarunt‚alics
354 4641 423 4683 vero
438 4622 586 4681 cubilibus
597 4619 750 4678 confossos
767 4631 862 4690 neque
879 4618 952 4673 stre·
1006 4615 1252 4689 hujusaudetiam
1260 4616 1832 4691 mirarentur,regempreeuntespugna

125 4719 206 4794 pitus
217 4733 312 4791 neque
327 4713 449 4772 vulnera
467 4711 613 4771 exitarunt
623 4709 656 4778 ⁹¹3
671 4707 758 4765 citius
769 4704 849 4762 enim
864 4702 954 4762 abiis
1007 4704 1141 4780 proludio
1156 4703 1236 4762 bunc
1252 4709 1333 4762 extra
1347 4709 1476 4762 castrum
1493 4703 1602 4762 illicere
1616 4708 1704 4778 atque
1719 4702 1834 4761 interti-
1896 4728 1899 4733 ·

124 4807 249 4882 spiritus
264 4803 396 4872 recessit,
412 4805 499 4874 atquc
514 4794 758 4857 somnustlravis
771 4796 871 4868 itaquo
885 4793 954 4851 binc
1008 4811 1073 4853 cere
1087 4794 1448 4868 cogitabant.Adelbertua
1463 4794 1561 4868 itaque
1579 4793 1706 4868 proludii
1730 4792 1835 4864 buius·

162 4976 246 5033 ⁸⁸lu'c
278 4975 402 5033 aeternio
417 4970 519 5029 cecidit
534 4970 564 5025 in
578 4969 605 5024 2.
622 4982 707 5040 usque
721 4963 839 5048 capili.
852 4965 891 5019 in.
930 4963 1191 5022 ulacautissimol.
1229 4963 1473 5036 ⁹⁰propiquum-i·
1513 4962 1836 5038 ⁰¹Sanguinenaquel.

103 5078 109 5091 ·
126 5047 233 5105 oenone
249 5048 330 5105 lmeis
353 5041 579 5118 prioricocubuio
593 5040 668 5094 ultro
681 5040 801 5109 spatium
813 5035 1002 5108 productam
1015 5038 1047 5092 ot
1060 5035 1150 5091 scribo
1165 5039 1249 5092 totam
1264 5052 1352 5091 oecon
1366 5036 1397 5090 in
1408 5037 1501 5107 prim
1517 5036 1591 5092 lineo
1604 5037 1839 5107 acritercopqres·

127 5137 186 5188 ses,
203 5121 289 5192 spatio
303 5092 444 5189 deficiente
458 5115 572 5170 ultimos
586 5110 707 5182 syllabae
722 5109 802 5163 lineae
816 5109 940 5178 sequenti
954 5109 1090 5165 salutent.
1129 5107 1151 5142 ⁸²
1166 5105 1238 5162 alios
1254 5138 1287 5148 -
1302 5107 1448 5162 exitarunt
1461 5109 1490 5162 in
1504 5107 1593 5163 codice
1626 5110 1683 5163 rius
1699 5110 1797 5163 omisso
1807 5108 1838 5161 in

127 5193 184 5265 fiee
196 5193 310 5264 pagine
320 5197 382 5262 post
395 5185 522 5257 remugit
534 5184 639 5255 scripto
651 5183 726 5246 sant,
742 5181 912 5235 remissionis
926 5181 1110 5249 tumentique
1125 5178 1239 5243 anticolo,
1254 5194 1307 5258 quc
1320 5179 1440 5249 neglecte
1455 5181 1486 5234 in
1498 5179 1527 5234 5.
1543 5179 1588 5234 5a.
1604 5125 1652 5234 ga·
1676 5179 1716 5236 iti
1742 5192 1838 5251 pcipe-

126 5280 192 5320 rom
205 5262 348 5318 doleatur.
361 5260 385 5295 ⁸³
400 5255 490 5314 uulno
506 5256 519 5310 1
534 5249 961 5327 premiaque-vulnerosa·
979 5252 1080 5307 wenna
1093 5249 1120 5305 5.
1135 5250 1193 5304 5a‘.
1205 5248 1319 5320 judicio
1333 5250 1411 5306 5a·.-
1426 5253 1451 5306 et
1466 5250 1582 5320 llcruog.
1598 5251 1621 5287 ⁹⁶
1655 5251 1701 5308 uis
1716 5255 1799 5322 terga
1809 5248 1838 5305 3.

152 5338 197 5391 .t.
213 5331 513 5405 manutentionem
541 5327 568 5382 5.
584 5327 629 5381 5a.
646 5322 778 5380 scoladcs
814 5320 1327 5395 clemque5a'queistergollereop.
1364 5322 1387 5357 ’Β
1402 5320 1557 5380 c.v0tisui
1584 5267 1661 5382 bi
1687 5339 1714 5380 a.
1741 5322 1760 5379 5
1795 5320 1839 5379 α’.

128 5351 265 5464 ainmas
279 5405 306 5463 1.
342 5404 364 5441 ⁰²
378 5398 524 5476 copattoc
539 5401 626 5457 totum
636 5393 783 5455 ceciditco
802 5392 889 5453 eiius
903 5395 931 5454 3.
966 5390 991 5433 ⁹⁸
1005 5390 1134 5451 calstellc
1151 5393 1177 5449 1.

166 5570 419 5731 iiilffltt
432 5570 481 5634 ²⁴·
848 5532 851 5539 ¹
919 5488 1108 5634 'Nomii
1122 5559 1204 5641 Vis·
1219 5563 1323 5642 Gurs·
1338 5577 1359 5641 ι.
1374 5561 1438 5642 ⁴⁴⁷,

184 4226 272 4279 'titoni
286 4236 413 4278 maecum
426 4223 560 4290 linqueret
575 4221 680 4274 Aurora
693 4219 781 4271 cubile
795 4217 859 4283 (tt).
