3892 6090
58 302 117 372 eat
531 304 843 373 ANTAPODESEOS
864 302 969 372 LIBRI
991 302 1293 372 sex.-1le.tv.
1707 302 1768 368 ild!

59 440 242 518 episcopiam
258 440 380 498 minime
403 440 582 510 vendidisse,
608 442 686 514 quod
706 442 801 510 Petro,
826 459 885 498 non
900 447 927 512 A
942 442 1117 516 amputaret
1127 443 1157 498 in
1171 442 1280 516 quihus
1295 437 1386 496 nostri
1400 436 1560 498 refocilatio
1574 439 1715 516 corporis,
1727 445 1766 512 et,
1847 446 1853 457 “

60 533 181 592 cuilibet
196 531 248 590 sed
264 528 396 605 apostolo
414 530 517 601 illota,
543 547 706 603 numquam
730 530 888 589 didicimus
945 534 1022 607 quod
1039 533 1170 590 omnium
1183 530 1371 606 potissimum
1381 532 1437 599 est,
1448 528 1603 587 nasciturae
1616 547 1683 605 spes
1691 534 1770 589 extat

61 621 232 695 contigisse.
259 621 322 686 Qua
337 637 371 676 ex
395 636 426 676 re
448 637 506 676 non
532 620 628 677 solum
651 619 775 693 spiritali
786 637 889 677 verum
943 622 1055 696 prolis?
1071 623 1144 678 Dum
1159 622 1297 679 enimeos
1313 617 1523 689 eunuchizatis,
1540 635 1599 676 non
1613 621 1691 694 qnod
1706 620 1769 678 illo·

61 713 150 770 etiam
167 709 310 783 corporali
326 709 446 778 honere,
462 726 568 766 census
579 709 758 767 animatione
771 710 845 782 (113)
861 714 889 766 te
943 728 1020 781 rum,
1037 713 1088 768 sed
1103 712 1184 778 Quod
1201 716 1335 769 nostrum
1350 718 1405 781 est,
1423 711 1536 769 tollitis.
1553 711 1630 767 Num
1645 710 1767 784 inquam

61 802 211 876 privatum
226 815 291 856 esse
305 799 504 864 eognovimus.
521 798 586 854 Hac
606 802 703 855 autem
719 797 836 854 interim
852 799 888 854 ad
943 806 1144 858 armentorum
1159 818 1210 858 seu
1227 800 1324 857 ovium
1340 802 1532 877 copia,quam
1543 800 1616 856 mihi
1629 799 1691 857 dies
1701 803 1769 856 ante

61 891 246 965 propositum
270 888 417 944 redeundo
442 887 521 944 dicta
535 886 691 959 suffitiant,
717 888 812 961 quoad
828 887 889 943 lar·
943 890 997 947 hos
1013 890 1187 957 abstulistis
1203 895 1298 947 vestra
1314 908 1361 948 me
1376 896 1472 947 eastra
1487 888 1767 963 adireeoegitthni·

61 980 159 1055 giente
186 978 244 1034 Deo
262 977 325 1033 suis
348 976 378 1031 ia
393 975 474 1044 locis,
492 976 618 1048 qualiter
641 975 888 1033 Mediolanensem
943 979 1064 1037 matium
1077 980 1184 1052 quippe
1198 996 1261 1051 qua
1277 980 1350 1037 mibi
1367 981 1476 1037 lecistis
1491 979 1646 1053 dispendia
1659 978 1767 1048 lando;

63 1066 253 1143 usurpaveris
267 1065 449 1133 cathedram,
464 1066 628 1122 veniamus.
938 1070 1087 1141 jacturam
1103 1068 1178 1125 hanc
1201 1071 1314 1125 tantam
1339 1073 1400 1125 tam
1416 1067 1574 1137 credulem,
1590 1071 1709 1141 tamque
1724 1066 1769 1122 in-

97 1162 125 1214 7.
139 1159 177 1214 Eo
188 1158 221 1191 ²⁷¹
230 1160 361 1227 tempore
371 1153 726 1228 berengariusiste,cujus
737 1154 890 1228 tyrannide
943 1157 1184 1232 recuperabilem,
1193 1157 1288 1214 modis
1299 1157 1447 1224 omuibus,
1464 1156 1578 1226 horreo,
1593 1155 1768 1231 logio,nolo.

64 1252 128 1305 tota
143 1263 221 1302 nune
231 1243 354 1317 ²⁷²laget
365 1243 607 1318 ltalia,tlparegiae
619 1243 745 1299 civitatis
759 1242 889 1300 marchio
944 1247 1043 1305 Sancti
1063 1247 1126 1313 Dei,
1141 1263 1243 1304 omncs
1268 1245 1357 1304 talem
1373 1264 1390 1304 a
1405 1263 1453 1303 me
1467 1246 1587 1303 avertite
1602 1243 1733 1319 pestemt
1752 1265 1767 1296 s

63 1336 237 1393 habebatur.
253 1332 305 1390 Cui
321 1332 459 1405 rexHugo
468 1332 579 1403 neptim
586 1332 811 1398 suam,nomina
818 1331 891 1387 Wil-
944 1337 996 1392 His
1011 1335 1129 1404 auditis,
1145 1335 1236 1392 nimio
1252 1338 1322 1392 suut
1336 1352 1438 1393 omnes
1454 1333 1597 1392 cachinno
1617 1333 1770 1404 commoti,

63 1424 135 1490 lam,
148 1439 235 1493 quam
250 1439 285 1477 ex
298 1420 385 1479 Willa
400 1436 551 1477 uxoresua
566 1420 639 1476 Boso
649 1421 761 1478 Tuscia
772 1420 891 1493 provin·
944 1428 1103 1497 tantusque
1117 1424 1147 1479 in
1162 1440 1228 1479 eum
1252 1424 1351 1498 populi
1376 1424 1458 1480 favor
1472 1424 1639 1481 excrevit²⁷⁸
1663 1426 1696 1479 ut
1711 1439 1770 1478 non

64 1514 117 1570 cia
132 1511 272 1579 marchio,
296 1511 372 1584 regis
388 1510 488 1575 frater,
508 1512 660 1582 genuerat·
670 1510 825 1582 conjugem
841 1510 892 1565 dc·
946 1513 1043 1570 solum
1058 1513 1154 1569 viram
1170 1512 1699 1586 suumintegrum,sedctcunctaqaae
1711 1510 1768 1567 sibi

62 1601 117 1657 dit.
142 1601 302 1657 Anscarius
326 1615 404 1667 vero,
428 1598 595 1671 berengarii
620 1597 719 1667 trater,
745 1614 832 1670 quem
857 1615 892 1654 ex
945 1602 1172 1659 ablutaluerant
1197 1600 1345 1669 animalia,
1371 1601 1498 1675 recipere
1518 1604 1687 1658 mereretur.
1703 1601 1772 1666 Qua

59 1689 217 1746 Adelberto
243 1687 462 1760 llermengarda
487 1686 564 1759 regis
589 1685 721 1758 Hugonis
749 1691 891 1759 genuerat
945 1707 1012 1748 cum
1029 1692 1075 1748 his
1090 1690 1617 1764 receptisabirct,directoTedbaldus
1632 1693 1772 1763 postcom

58 1795 155 1846 ⁸01’0t,
171 1777 279 1833 Vitium
295 1777 415 1832 fludstliss
429 1773 617 1848 potentiaque
634 1774 770 1829 elambat·
945 1797 1047 1853 puero,
1073 1779 1263 1854 interrogavit
1287 1780 1358 1854 quid
1382 1780 1443 1837 viro
1459 1798 1512 1837 suo
1531 1780 1669 1849 auferret,
1694 1779 1720 1836 si
1736 1778 1772 1835 ad

98 1869 127 1934 8,
142 1865 351 1923 Tedbaldus²³³
375 1864 463 1920 etiam
492 1863 579 1919 heros
603 1863 735 1935 quidam,
760 1864 894 1935 proxima
947 1885 1076 1942 pugnam
1114 1868 1242 1942 amplios
1267 1873 1369 1926 contra
1396 1886 1428 1926 se
1456 1869 1492 1926 de
1520 1869 1629 1927 castelo
1658 1865 1773 1927 exiret?

60 1955 181 2031 Hugoni
192 1954 253 2028 regi
267 1952 409 2010 affinitate
424 1953 588 2024 conjuctus,
600 1951 852 2009 cammerinorum
864 1956 893 2009 et
946 1981 961 2010 «
978 1955 1071 2027 Oculi,
1087 1958 1194 2032 inquit,
1218 1962 1287 2015 sunt
1302 1957 1355 2026 illi,
1373 1974 1469 2027 nares,
1486 1974 1603 2027 manas,
1622 1961 1652 2014 et
1671 1958 1772 2031 pedes.

61 2045 282 2120 Spoletinorum
300 2041 431 2099 marchio
445 2045 516 2098 erat.
530 2041 581 2097 liic
597 2041 628 2096 in
643 2040 785 2097 auxilium
801 2042 891 2099 Bene·
946 2047 976 2104 Si
992 2048 1045 2105 hee
1060 2048 1162 2121 egerit,
1176 2047 1233 2105 sihi
1249 2064 1312 2121 qua
1327 2064 1382 2104 sua
1396 2048 1602 2116 suntaaserat3
1617 2062 1682 2121 quse
1694 2063 1771 2117 mea,

59 2134 181 2193 ventani
203 2131 344 2206 principis
359 2136 461 2188 contra
482 2131 598 2196 Grecos,
619 2130 668 2203 qui
684 2147 753 2186 eum
767 2131 893 2203 graviter
946 2154 1006 2193 suc
1022 2136 1133 2194 scilicet
1148 2136 1303 2210 ancillula,
1328 2135 1522 2210 derelinquat.
1541 2158 1555 2187 e
1568 2136 1679 2194 Verum
1702 2136 1774 2209 quia

61 2225 282 2299 ⁰bprssflsel'dssl,
311 2221 393 2277 abiit·
419 2219 613 2284 Quibuscum
637 2218 747 2275 bellum
762 2219 892 2287 inferret,
947 2226 1074 2283 laveram
1091 2225 1190 2300 populi
1215 2225 1311 2299 prima
1335 2224 1392 2281 sihi
1407 2225 1554 2283 locutione
1569 2241 1621 2299 per
1635 2224 1729 2281 risum
1745 2228 1774 2282 et

60 2315 237 2371 victoriaest
251 2310 374 2384 potitus.
391 2308 656 2382 Contigitdenique
668 2307 776 2364 multos
792 2308 894 2365 Greco·
947 2312 1044 2370 mariti
1060 2315 1170 2369 donum
1192 2314 1294 2370 adesso
1316 2313 1468 2382 intellexit,
1483 2313 1559 2370 banc
1581 2313 1773 2386 postmodum

62 2419 144 2472 rum,
152 2402 278 2474 jamjam
290 2417 348 2456 non
359 2415 428 2455 arva
438 2400 489 2454 sed
499 2397 893 2468 castraohtinentium,huac
946 2420 998 2476 per
1011 2403 1156 2459 dimotum
1171 2402 1309 2458 nuntium
1325 2403 1516 2458 remandavit,

62 2493 198 2566 caepisse.
215 2490 328 2556 Quibus
344 2490 415 2544 dum
431 2485 527 2543 virilia
542 2489 716 2559 amputaret,
733 2486 803 2542 talia
817 2491 892 2543 stra·
984 2492 1028 2548 10.
1044 2491 1190 2548 Paridem
1206 2494 1324 2563 tempus
1344 2489 1421 2562 regis
1436 2489 1567 2563 Hugouis
1582 2490 1673 2546 trater
1687 2490 1774 2560 boso,

63 2583 128 2656 tigo
139 2582 190 2655 qui
206 2582 249 2639 eis
265 2582 386 2653 praerat
403 2576 567 2632 nuntiavit:
584 2598 598 2625 «
615 2575 758 2639 Quoniam
773 2575 891 2647 quidem
947 2579 1036 2637 Willa
1050 2597 1139 2637 uxore
1154 2597 1209 2636 sua
1224 2578 1458 2652 cupidissimam
1474 2577 1656 2651 stimulante,
1674 2579 1774 2636 adver·

60 2676 162 2729 vestro
176 2674 276 2727 sancto
291 2665 461 2740 imperatori
476 2664 657 2739 spadonibus
672 2663 713 2720 nil
728 2664 893 2737 pretiosius
947 2687 999 2727 sus
1015 2686 1114 2744 regem
1141 2686 1216 2726 nova
1231 2669 1364 2741 quadarn
1378 2672 1407 2724 et
1432 2684 1567 2741 perversa
1586 2666 1707 2726 molitas
1731 2672 1777 2725 est

62 2778 131 2818 esse
146 2758 278 2835 cognovi,
301 2757 356 2812 has
371 2754 473 2811 studui
493 2751 635 2827 pauculos
652 2753 707 2810 sibi
731 2754 894 2811 verecunde
947 2776 1042 2834 agere.
1059 2759 1140 2825 Quod
1164 2759 1319 2831 Hugonem
1343 2774 1401 2815 nou
1425 2757 1521 2814 latuit.
1537 2756 1599 2822 Qua
1619 2773 1653 2814 ex
1679 2773 1709 2814 re
1728 2774 1775 2814 ca·

61 2849 288 2915 transmittere;
323 2845 422 2919 plures
452 2842 637 2916 quantocius,
668 2847 726 2898 Deo
756 2842 890 2916 propitio,
947 2847 1777 2923 ptus,custodiaestcontinuotraditus.Causadenique

62 2939 305 2997 transmissurus.
321 2958 335 2985 »
947 2938 1119 3010 ch‘ectionis
1137 2939 1201 3010 ejus
1225 2937 1287 2994 hac
1302 2935 1367 2993 luit.
1392 2937 1469 2993 Dum
1495 2937 1663 3009 lamberto,
1688 2954 1776 3010 quem

100 3026 320 3084 mundibrium
345 3028 453 3092 autem,
480 3025 570 3080 immo
595 3023 780 3095 sapientiam,
802 3040 892 3095 qaam
946 3045 1037 3102 supra
1050 3026 1290 3094 memoravimus,
1306 3026 1418 3083 lumine
1441 3025 1567 3100 privato,
1592 3026 1687 3084 isdem
1701 3026 1775 3085 Boso

67 3117 205 3192 quadam
220 3121 290 3171 tunc
312 3113 418 3170 mulier
433 3113 533 3186 gessit,
549 3112 597 3168 bic
623 3112 800 3168 inseramus.
817 3117 891 3168 Dum
946 3135 1076 3174 marcam
1087 3117 1199 3173 Tuscia
1210 3115 1364 3184 obtineret,
1381 3115 1488 3188 conjux
1501 3115 1777 3190 suaWillaphylar·

65 3207 147 3265 enim
163 3206 209 3263 die
224 3204 352 3278 quadam
363 3202 446 3259 Greci
458 3186 931 3274 cumipsiusterrehominibusss
948 3207 1028 3280 giris
1042 3205 1118 3279 cepit
1136 3221 1235 3261 amore
1254 3203 1398 3276 llagraro;
1415 3204 1487 3261 adeo
1502 3209 1535 3261 ut
1558 3205 1650 3262 totius
1664 3205 1776 3262 ‘lusoioe

65 3301 150 3353 extra
164 3297 293 3352 castrum
306 3292 453 3365 quoddam
469 3291 505 3346 ud
522 3306 652 3363 pugnam
668 3289 807 3346 adversus
822 3290 895 3345 Ted-
949 3295 1102 3369 provincia
1117 3291 1199 3348 nulla
1214 3290 1358 3347 nobilium
1373 3295 1574 3348 matronarum
1585 3292 1734 3365 quantivis
1744 3309 1776 3349 se

65 3384 190 3442 baldum
200 3385 395 3439 memoratum
405 3377 662 3448 exirent,nonnulli
672 3378 815 3434 abeodem
824 3383 895 3435 sunt
948 3382 1044 3457 precii
1060 3381 1241 3439 ornamentis
1251 3379 1403 3437 excoleret.
1419 3380 1484 3437 Hac
1500 3397 1568 3438 oum
1588 3380 1700 3454 prolem
1716 3398 1775 3437 non

66 3474 156 3547 capti.
173 3472 336 3540 Quosdam
362 3468 548 3526 enuchizaret
563 3484 670 3539 eosque
692 3467 721 3522 in
741 3466 894 3524 castellum
948 3471 1069 3528 haberet
1090 3469 1215 3539 virilem,
1238 3471 1377 3541 quattuor
1399 3468 1504 3525 hahuit
1527 3471 1621 3537 natas,
1645 3468 1773 3537 Bertam,

66 3563 217 3637 dirigeret,
234 3559 340 3616 mulier
354 3558 498 3631 quaedam,
515 3556 612 3613 mariti
626 3572 725 3612 amore
741 3572 892 3625 succensa,
947 3560 1076 3629 Willam,
1086 3558 1250 3615 ltichildam
1261 3561 1289 3613 et
1299 3556 1421 3614 (lislam.
1437 3557 1547 3613 llaram
1558 3555 1659 3624 Willa,
1669 3555 1776 3613 Beren-

65 3653 134 3726 ejus
149 3668 201 3725 pro
225 3648 367 3706 membris
385 3663 441 3702 non
466 3662 570 3719 parum
596 3644 774 3712 sollicitam,
797 3645 894 3718 passis
947 3648 1020 3723 garii
1044 3648 1145 3720 hrrjus,
1171 3646 1222 3719 qui
1245 3662 1324 3702 nunc
1339 3649 1483 3719 superest,
1503 3661 1570 3702 vere
1586 3643 1704 3715 manta,
1719 3644 1775 3702 hoc

65 3736 366 3797 crinibusdecastello
375 3735 444 3792 exiit
454 3734 624 3791 furibunde.
637 3733 779 3798 Quacum
788 3749 894 3789 cruen-
946 3737 1052 3805 effecit,
1070 3752 1105 3793 ne
1122 3734 1248 3809 genitrix
1262 3750 1317 3790 sua
1331 3731 1719 3790 omninmeesetmulierum
1730 3749 1778 3789 ne·

63 3829 104 3886 tie
118 3827 267 3900 unguibus
293 3842 343 3881 ora
363 3824 551 3895 discerperet,
568 3825 655 3893 atque
671 3826 738 3877 ante
752 3819 892 3876 Todbaldi
947 3826 1101 3901 quissima.
1130 3824 1168 3880 Ut
1184 3827 1282 3880 autem
1298 3838 1356 3878 nan
1374 3839 1427 3895 per
1440 3821 1543 3897 longas
1559 3821 1697 3897 ambages
1712 3822 1776 3894 ejus

64 3917 225 3976 tentorium
241 3914 379 3972 clamosis
403 3912 523 3968 vocibus
548 3910 648 3967 lieret:
666 3933 680 3961 (ι
703 3909 776 3975 Quid
797 3926 892 3967 causa
947 3920 1182 3990 anteponamus,
1204 3929 1263 3969 uno
1289 3910 1462 3985 turpissimo
1486 3909 1642 3984 descripto,
1670 3928 1733 3986 qna
1748 3915 1777 3968 et

63 4013 121 4077 est,
138 4006 245 4079 inquit,
258 4003 375 4071 mulier,
392 4002 469 4074 quod
485 4006 546 4058 tam
563 3999 809 4057 sonorisvocibus
821 4016 892 4071 quc·
947 4009 1062 4080 quanta
1073 4005 1103 4060 in
1120 4002 1232 4061 caeteris
1247 4002 1351 4071 luerat,
1368 4001 1598 4058 animadvertere
1612 4001 1731 4074 poteris.

63 4095 160 4153 reris?
175 4116 189 4146 a
206 4094 274 4159 Qua
286 4092 399 4165 -quia
411 4089 567 4147 stultitiam
585 4087 729 4145 simulare
744 4087 807 4145 loco
822 4106 891 4162 prn-
982 4096 1026 4153 ll.
1041 4092 1094 4149 Vir
1109 4092 1204 4166 ipsius
1219 4092 1293 4148 Boeo
1303 4089 1377 4146 mire
1391 4089 1586 4164 longitudinis
1598 4093 1629 4147 et
1648 4089 1777 4148 latitudi-

63 4184 167 4243 dentia
181 4199 299 4240 summa
313 4186 368 4248 est,
384 4212 419 4221 -
438 4180 478 4234 ita
492 4178 661 4251 respondit:
679 4200 693 4227 a
708 4177 821 4234 Novum
837 4178 891 4234 hoc
947 4184 993 4241 nis
1008 4198 1130 4239 aureum
1156 4180 1301 4237 habuerat
1315 4177 1457 4247 balteum,
1483 4180 1534 4252 qui
1558 4178 1719 4236 multarum
1745 4183 1775 4235 et

64 4273 292 4345 inauditumque
313 4271 429 4326 facinus
451 4272 504 4336 est,
521 4266 635 4332 heroes,
651 4270 684 4322 ut
707 4265 817 4322 bellum
833 4283 890 4322 aon
946 4267 1773 4345 pretiosarumsplendebatmnitoregemmarum.Hunc,

64 4352 893 4437 repugnantibusmulieribusinieratisNostraramnulla
946 4377 1014 4416 cum
1035 4360 1108 4415 Boso
1124 4360 1287 4430 caperetur,
1304 4371 1393 4427 super
1407 4370 1509 4412 omnes
1524 4369 1612 4427 gazas
1626 4353 1691 4425 ojus
1707 4352 1773 4407 dili.

64 4441 891 4521 „amazonarumsunguineprosapiamduoiuttinervae
946 4452 1047 4523 genter
1062 4462 1111 4502 rex
1122 4442 1214 4516 jassit
1222 4441 1332 4515 inquiri
1346 4460 1353 4510 ;
1369 4443 1556 4515 sumptisque
1566 4441 1687 4508 divitiis,
1704 4457 1773 4496 uxo·

62 4540 175 4615 quippe
190 4538 286 4597 solum
306 4535 445 4610 operibus
467 4532 582 4598 dediloet
599 4546 748 4587 armorum
764 4531 892 4603 poenitus
908 4555 931 4621 p
947 4554 1009 4594 rem
1024 4537 1099 4608 ejus,
1112 4533 1197 4607 quasi
1217 4532 1367 4606 profanam
1384 4534 1414 4587 ct
1428 4529 1546 4587 sceleris
1560 4529 1652 4586 totius
1667 4529 1776 4586 caetri-

61 4644 170 4688 snmus
185 4628 303 4702 ignara.
316 4649 330 4676 s
340 4625 391 4682 Cui
405 4640 472 4680 cum
483 4620 651 4679 Tedbaldus
665 4621 893 4688 diceret:«Quis
947 4642 1023 4695 cem,
1045 4624 1170 4697 turpiter
1195 4622 1231 4678 do
1254 4636 1344 4695 regno
1373 4618 1473 4675 Italico
1499 4617 1637 4692 pracepit
1660 4616 1774 4691 expelli,

61 4732 198 4792 unquam
222 4732 293 4773 sane
316 4714 420 4787 capitis
435 4712 532 4779 beros,
555 4718 659 4784 prater
677 4712 890 4768 Amazouarum
947 4720 1034 4788 atque
1049 4714 1079 4770 in
1094 4710 1305 4785 burgundiam,
1321 4710 1357 4765 de
1373 4725 1430 4781 qua
1439 4706 1564 4764 oriunda
1574 4706 1678 4777 luerat,
1694 4706 1774 4764 duci.

59 4803 374 4881 temporibus,bellam
383 4799 708 4858 mulieribusintulitt»
725 4815 892 4874 earespon-
945 4804 1054 4861 Verum
1078 4817 1145 4858 cum
1165 4799 1321 4873 diligenter
1335 4797 1435 4854 omnia
1449 4795 1624 4871 perscrutati
1643 4795 1773 4854 balteum

59 4897 122 4954 dit:
141 4917 157 4945 (ι
173 4894 258 4963 Qtod,
269 4894 350 4963 cedo,
365 4890 515 4948 cmdclius
530 4888 706 4944 mulieribus
721 4887 830 4946 bellum
845 4889 891 4945 in·
946 4909 1004 4949 non
1020 4889 1211 4965 reppererint,
1221 4891 1325 4944 catera
1340 4886 1435 4942 nuntii
1451 4889 1643 4959 reportantes,
1655 4886 1771 4943 suntad

61 4984 150 5053 terre,
167 4982 273 5055 quidve
288 4979 505 5038 incommodius
520 4977 568 5033 his
589 4977 751 5050 potentem
766 4976 890 5049 auterre,
945 4981 1098 5055 Hugonem
1112 4977 1230 5035 reversi.
1247 4976 1322 5032 Tum
1338 4991 1388 5031 rex
1401 4991 1407 5030 :
1419 4997 1434 5025 «
1452 4974 1649 5045 Revertentes,
1664 4973 1772 5046 inquit,

61 5088 156 5148 qaam
172 5077 204 5129 ut
218 5088 320 5129 earum
345 5069 415 5126 viris
439 5067 555 5124 certetis
579 5065 711 5123 orchidia
729 5066 891 5138 [testiculos
945 5070 1103 5128 falerarum
1117 5068 1181 5140 ejus
1196 5080 1313 5123 omnem
1328 5066 1514 5137 apparatum,
1526 5060 1772 5137 pulvinaretiam,

745 5163 866 5222 VARIAE
885 5167 1091 5226 bucularius

99 5262 169 5316 ποτ’.
186 5276 209 5317 e.
227 5259 281 5315 illi.
320 5259 352 5294 ²⁷¹
379 5258 419 5312 ΕΟ
443 5260 573 5380 tempore
596 5261 1103 5331 aare<breptmrptoaourooropacprpd
1131 5260 1320 5320 αληηιτιλαω
1336 5275 1369 5306 ou
1384 5251 1518 5333 eporegia
1532 5251 1559 5307 3.
1596 5242 1632 5286 ’ᾗ
1645 5266 1717 5307 num
1740 5249 1767 5305 l.

63 5330 316 5389 ¹⁷³Thiebbaldns
339 5331 366 5384 5.
405 5328 439 5362 ²³⁸
464 5326 506 5381 sol
521 5325 601 5380 ital.
640 5325 840 5396 ¹⁷⁸potestetis
859 5327 887 5383 t.
924 5328 959 5365 ”⁶
971 5329 1112 5403 reportatio
1133 5340 1217 5398 usqae
1239 5323 1274 5379 ud
1295 5322 1325 5378 iu
1350 5339 1502 5379 saxoniam
1521 5339 1583 5399 cap.
1608 5323 1651 5380 tt.
1674 5322 1771 5378 deant

61 5405 145 5462 natta
160 5405 260 5460 lacuna
274 5401 397 5457 trucicata
411 5400 437 5455 3.
476 5399 508 5432 ²¹²
525 5395 717 5469 cupidissima
732 5397 757 5451 1.
796 5396 829 5432 ²⁷⁸
844 5401 1006 5471 spondebat
1019 5401 1045 5455 1.

100 5590 176 5664 (113)
193 5589 224 5647 ld
238 5592 282 5647 est
296 5586 366 5661 quia
380 5547 547 5642 incensum
562 5583 721 5650 animatus,
738 5596 845 5642 census
857 5495 979 5655 {gviiii
995 5589 1067 5643 erat.
